4742 5814
677 615 765 731 236
791 607 1030 711 Vruurr
1056 631 1127 705 ru
1152 603 1419 704 Arrun
1452 607 1831 716 zurcuunn

677 793 955 871 ordinationum
977 791 1152 887 integrum
1169 787 1355 877 tulmen,
1385 811 1470 866 cum
1496 787 1747 962 posterioribus
1772 797 1884 876 omni·

678 894 746 970 bue
770 891 848 990 (uti
863 913 930 966 nor
947 889 1148 987 loquimur)
1173 883 1374 976 Receffibur
1390 883 1496 962 &Re
1512 887 1782 981 ormationibns,
1795 891 1885 972 sicut

678 988 795 1086 ipsum
811 985 997 1062 memirristi
1007 983 1186 1082 superiore
1203 1005 1295 1059 anuo
1312 981 1506 1062 Vormatiae
1523 981 1590 1060 effe
1600 984 1776 1063 excusum.
1803 989 1885 1066 Erit

680 1091 756 1182 ejus
771 1082 877 1160 lestio
895 1084 960 1157 tibi
975 1083 1020 1158 ad
1041 1083 1149 1160 muna
1175 1081 1320 1170 utilis,
1362 1077 1470 1156 imum
1490 1082 1584 1162 euim
1608 1081 1692 1158 iude
1710 1083 1886 1182 Linguam

682 1182 933 1258 (remantem
947 1181 1125 1275 expallet,
1151 1175 1277 1255 deinde
1293 1199 1432 1274 penam
1450 1180 1557 1254 totius
1573 1177 1718 1275 Imperii
1735 1177 1885 1262 Germa·

623 1339 628 1350 .
682 1281 757 1357 niei
766 1278 873 1352 llutos
890 1278 1129 1374 cognitionem
1154 1275 1315 1360 hauriet,
1349 1273 1553 1352 utiliffimam
1581 1274 1648 1350 tibi
1677 1275 1761 1352 olim
1790 1275 1887 1360 futu·

682 1397 778 1465 ram,
803 1373 876 1450 live
891 1370 1067 1469 Principi,
1092 1368 1164 1448 lire
1183 1371 1352 1454 Civitati,
1384 1367 1455 1447 stae
1485 1373 1652 1470 privatis,
1676 1376 1885 1470 clientibus,

686 1493 748 1547 att
770 1472 888 1546 amicis
913 1492 1056 1566 operam
1072 1489 1167 1545 tuam
1187 1466 1453 1544 accommodare
1471 1469 1636 1546 volueris.
1686 1469 1711 1564 J
1714 1473 1783 1550 uris
1798 1497 1887 1550 vero

687 1569 816 1645 Civilis
837 1563 1045 1662 prestitam,
1071 1587 1153 1660 quae
1171 1565 1209 1642 in
1226 1563 1295 1640 hoc
1312 1563 1464 1640 Romani
1480 1563 1808 1666 imperiisupremu
1827 1569 1888 1646 tri-

685 1665 807 1743 bunali
828 1658 1003 1760 punffime
1039 1661 1226 1748 servatur,
1262 1663 1348 1739 hant
1381 1659 1525 1738 aliunde
1557 1666 1683 1740 melius
1712 1667 1818 1764 quim
1845 1690 1891 1742 ex

686 1763 801 1838 isthoc
822 1759 914 1834 libro
967 1758 1127 1853 ercipiea.
1177 1754 1229 1835 Et
1245 1781 1444 1855 quanquam
1465 1758 1527 1832 illa
1545 1783 1618 1836 non
1636 1783 1708 1838 tam
1739 1763 1888 1842 lectore

688 1859 794 1960 quam
808 1854 885 1954 ipt‘o
952 1879 976 1928 u
1056 1855 1206 1950 cipitur,
1231 1873 1399 1932 tutamen
1426 1858 1488 1951 qui
1507 1855 1581 1951 jam
1608 1859 1726 1954 aliqua
1747 1861 1808 1938 hic
1835 1863 1890 1936 vi·

688 1954 790 2043 disti,
816 1955 865 2028 ita
884 1973 959 2028 enm
997 1952 1118 2026 acilius
1133 1949 1430 2047 comprehendes,
1455 1949 1545 2027 liad
1562 1951 1665 2030 istum
1678 1977 1784 2050 quem
1827 1981 1891 2035 rae·

687 2051 837 2128 scribnm
847 2049 992 2124 modum
1005 2045 1168 2144 prefatas
1183 2047 1326 2146 Imperii
1336 2047 1589 2124 Ordinationes
1606 2052 1743 2147 legeris.
1796 1979 1890 2134 grim

689 2151 801 2223 multa
813 2145 978 2223 videlieet
997 2145 1034 2218 iu
1048 2144 1116 2218 illia
1137 2145 1183 2220 ad
1204 2143 1340 2238 Judicii
1362 2147 1557 2244 Imperialis
1581 2145 1738 2226 Caruerae
1754 2151 1893 2248 proces-

690 2244 786 2333 sum,
821 2239 1069 2337 causarumque
1100 2240 1385 2339 disceptationem
1417 2239 1581 2340 disposita
1613 2241 1707 2336 lint,
1741 2269 1893 2344 quorum

692 2342 863 2416 nonnulle
904 2359 1105 2434 temporum
1143 2337 1298 2417 success'u
1338 2341 1462 2418 melius
1496 2337 1700 2438 perpensa,
1738 2367 1892 2436 mutata,

692 2433 868 2527 testritio,
891 2431 1011 2521 autea,
1036 2436 1255 2512 declaratave
1281 2435 1370 2514 fint:
1396 2459 1469 2534 quo
1491 2461 1616 2516 eorum
1637 2438 1793 2514 omnium
1816 2447 1893 2540 ple·

692 2537 827 2610 niorem
845 2531 1057 2628 oonsequare
1185 2534 1331 2616 tionem,
1356 2533 1453 2608 haud
1481 2535 1723 2629 poenitendum
1745 2561 1826 2614 meo
1838 2543 1894 2636 ju·

694 2630 789 2707 dicio
817 2649 938 2727 operae
961 2631 1113 2724 pretium
1164 2631 1269 2714 emis,
1295 2625 1321 2700 li
1341 2633 1415 2726 ejus
1432 2625 1515 2702 libri
1531 2631 1752 2710 leetiouema
1776 2637 1892 2806 capite

694 2725 963 2810 mordicum·
1045 2723 1110 2798 tibi
1134 2726 1232 2802 locus
1259 2721 1298 2798 δι
1329 2745 1424 2801 certa
1444 2745 1560 2802 rernm
1591 2750 1718 2824 genera
1739 2753 1815 2828 prae
1829 2735 1896 2810 cri·

694 2829 781 2910 bat,
807 2845 848 2898 ac
875 2820 938 2898 sub
974 2823 1028 2896 nis
1047 2820 1155 2896 muns
1177 2818 1271 2906 snam
1302 2844 1476 2918 quamque
1501 2825 1723 2902 materiama
1765 2855 1784 2905 e
1807 2831 1897 2908 redi-

696 2945 772 3021 gte.
822 2918 877 2995 lta
894 2919 987 2992 enim
1001 2913 1137 3005 futilius
1152 2919 1218 2996 tibi
1233 2921 1385 3014 patebit,
1397 2915 1483 3014 quid
1499 2919 1694 3000 comestum
1735 2945 1773 3012 t,
1797 2926 1896 3022 quid·

697 3039 745 3096 ve
766 3019 874 3092 hodie
887 3013 1054 3090 servetur
1105 3012 1271 3111 Exempli
1289 3017 1401 3112 gratia
1426 3017 1595 3114 quicquid
1620 3017 1666 3093 de
1688 3043 1709 3093 a
1734 3021 1896 3118 pellario-

698 3135 783 3192 eum
807 3111 1032 3198 formalibus,
1056 3107 1128 3186 five
1141 3110 1374 3203 solemnibus,
1398 3135 1479 3209 quae
1501 3109 1604 3209 super
1629 3137 1694 3192 cau
1731 3141 1810 3196 rum
1838 3119 1898 3194 de-

699 3213 884 3288 volutione
906 3203 1173 3302 frequentillluae
1196 3207 1436 3303 disputantur,
1461 3209 1512 3286 ibi
1536 3207 1737 3306 dispositum
1760 3237 1900 3312 repere·

699 3312 770 3393 ris,
794 3305 857 3381 snb
876 3303 1075 3379 formalium
1095 3307 1200 3382 titulo
1226 3305 1374 3402 digeras.
1423 3304 1552 3383 slede
1576 3305 1693 3382 banno
1718 3309 1756 3384 &
1779 3315 1897 3422 petus

798 3403 933 3483 mariis,
958 3403 1015 3474 rel
1038 3399 1220 3496 Regulum
1246 3401 1460 3497 privatione:
1485 3399 1602 3478 ssede
1628 3402 1807 3484 sententiis
1834 3409 1901 3486 dif-

752 3499 863 3573 itivis:
888 3499 971 3569 item
995 3497 1038 3572 de
1059 3497 1328 3574 interlocutoriis
1355 3495 1563 3573 habentibus
1588 3501 1662 3576 vim
1688 3501 1901 3602 diffinitivae,

701 3594 993 3694 appellabilibus,
1019 3595 1057 3670 &
1075 3617 1146 3670 non
1172 3591 1456 3689 appellabilibus:
1483 3595 1526 3670 de
1551 3593 1797 3674 sententiarum
1821 3625 1903 3680 exe·

702 3695 869 3779 maone,
904 3691 943 3768 &
967 3691 1232 3766 executoribus:
1261 3687 1436 3768 derauso
1460 3692 1497 3768 &
1527 3691 1662 3772 casibus
1688 3691 1900 3781 Fiscalibuse

704 3813 789 3889 quae
813 3783 925 3866 causae
949 3789 1155 3872 ordmeriae.
1180 3809 1261 3882 quae
1286 3788 1585 3865 exumrdmuiae:
1612 3793 1689 3888 quis
1712 3795 1749 3868 in
1770 3807 1903 3870 'contn-

706 3889 853 4055 uo
874 3881 1755 4062 antella,

706 4001 784 4059 nra:
841 4004 862 4054 e
939 4006 972 4052 e
1435 4035 1446 4068 r
1646 4009 1713 4064 otu
1775 4011 1820 4064 ue
1889 4027 1904 4046 ·

706 4079 815 4165 θεῖος
841 4077 879 4152 &
896 4095 1021 4169 caetera
1036 4033 1283 4172 quae’diligens
1303 4076 1342 4152 δι
1361 4073 1480 4153 exatla
1495 4077 1601 4156 leiiio
1624 4009 1905 4178 atqufflniman

703 4173 823 4250 ‘terito
837 4171 939 4248 facile
950 4172 1016 4248 tibi
1030 4173 1202 4270 suggeret
1238 4171 1335 4250 linc
1352 4193 1470 4252 autern
1486 4177 1727 4274 digestione&
1742 4201 1798 4254 ree
1814 4179 1905 4280 ipstt

706 4273 836 4348 melius
862 4270 1058 4366 percipies,
1082 4267 1301 4367 penitiusque
1323 4270 1531 4368 perspicies,
1556 4271 1596 4350 ἃ
1623 4277 1906 4374 memoriaeque

703 4393 781 4467 que
801 4366 937 4442 fidelius
951 4367 1220 4442 oommenrlabis.
1268 4365 1326 4440 Ad
1345 4367 1443 4444 istum
1457 4371 1599 4444 mudum
1614 4373 1698 4448 olim
1711 4370 1819 4450 status
1838 4377 1904 4454 im·

706 4467 801 4570 perii
811 4461 934 4566 juffere
947 4466 1084 4564 aliquot
1096 4459 1283 4544 Μαῖα
1298 4461 1441 4565 Imperii
1458 4462 1710 4558 Ordinationes
1724 4467 1909 4645 digerereti

1853 4590 1878 4644 u
