4680 5828
696 705 755 796 90
808 661 1044 772 unctu
1079 685 1146 754 m
1173 660 1436 760 aurun
1472 664 1839 767 zutctrnmr

698 864 786 944 mihi
815 857 985 935 videatur.
1033 852 1141 930 Unde
1175 855 1214 931 δι
1245 877 1302 928 me
1335 851 1605 956 frequentistme
1634 863 1691 940 rui
1714 869 1897 946 mentione

702 961 883 1038 exhilarat.
933 951 993 1028 De
1018 951 1200 1027 Germano
1222 951 1286 1024 illo
1309 973 1382 1026 non
1404 955 1548 1031 omnino
1573 959 1662 1033 male
1685 964 1896 1059 conJettasti.

702 1057 803 1155 Quid
827 1053 952 1126 mirum
968 1071 1011 1123 au
1049 1072 1084 1122 nn
1106 1048 1194 1121 mihi
1207 1069 1289 1121 cum
1313 1071 1358 1124 eo
1376 1072 1505 1146 pamm
1522 1057 1735 1144 convenire,
1760 1057 1840 1137 cun
1853 1061 1900 1138 fi·

700 1155 742 1230 bi
763 1169 954 1246 temperare
976 1069 1076 1258 nuffio
1099 1145 1207 1218 modo
1229 1147 1391 1255 neapud
1415 1145 1597 1258 museum
1610 1152 1756 1247 quidem
1824 1156 1896 1245 sit,

702 1273 784 1326 curn
807 1268 880 1343 qno
896 1263 1010 1318 tamen
1025 1245 1095 1315 uus
1119 1261 1310 1315 communrs
1333 1262 1447 1337 patna
1460 1245 1533 1329 est,
1557 1246 1595 1319 &
1608 1252 1707 1344 cujus
1722 1249 1762 1345 ju
1790 1253 1897 1328 'cium

700 1345 813 1444 pluris
844 1340 961 1416 lacere
992 1337 1171 1424 debebat,
1205 1334 1311 1432 quim
1337 1359 1463 1414 meum.
1513 1338 1596 1437 Ego
1628 1365 1745 1420 cutem
1766 1348 1897 1443 quibus

702 1466 783 1518 curn
798 1433 874 1536 ipso
890 1433 1151 1510 conditionibus
1175 1434 1421 1523 convenerim,
1441 1457 1556 1547 nuper
1579 1439 1775 1538 perscripfi.
1825 1443 1898 1519 Hir

700 1539 866 1614 hellenus
883 1551 1062 1628 utcunque
1071 1527 1167 1626 apud
1181 1553 1237 1603 me
1252 1525 1364 1617 stetit,
1375 1531 1604 1628 convitiisque
1620 1535 1793 1614 abstinuit.
1817 1537 1899 1614 Nu·

700 1655 768 1732 per
804 1629 1010 1704 nonnullum
1038 1627 1091 1701 illi
1119 1623 1279 1699 aculeum
1306 1623 1433 1712 infixi,
1477 1627 1608 1705 ostensa
1633 1635 1896 1729 nuncupatione

702 1754 764 1806 rua
778 1729 823 1802 ad
847 1723 1023 1800 Turnonem
1041 1719 1259 1820 Episcopum
1282 1718 1357 1818 (ι)
1381 1723 1417 1795 in
1432 1721 1518 1819 psal.
1543 1731 1602 1818 38.
1626 1726 1685 1803 Ex
1699 1729 1793 1804 illius
1805 1733 1897 1810 enim

702 1821 931 1904 beneficentia
948 1821 1009 1894 diu
1028 1820 1088 1894 ille
1115 1816 1317 1892 sustentatus
1336 1817 1404 1904 est,
1440 1820 1481 1894 δι
1497 1823 1616 1896 adlutm
1640 1827 1896 1934 quotannis-ab

700 1924 827 1997 eodem
844 1918 1010 1994 viaticum
1029 1913 1171 2012 poscere
1195 1912 1291 1987 solet.
1341 1911 1399 1986 De
1415 1913 1512 1990 Italis
1530 1939 1644 1994 aunem
1660 1937 1711 1996 tta
1730 1923 1782 1997 illi
1797 1925 1895 2020 peni·

700 2039 758 2095 tus
776 2011 875 2091 inlita
892 2012 1015 2107 opinio
1030 2010 1080 2084 est
1098 2065 1108 2096 ‚
1132 2010 1236 2085 evelli
1253 2031 1293 2083 ut
1309 2011 1405 2084 nullo
1432 2010 1536 2108 pasto
1559 2035 1683 2110 queatr
1719 2041 1778 2094 eor
1803 2022 1896 2094 enim

729 2111 876 2210 esperod
887 2111 950 2182 ille
972 2109 1051 2183 vult
1066 2104 1356 2204 incomparabiles
1371 2102 1450 2182 else.
1499 2107 1612 2186 Porro
1628 2114 1725 2207 apud
1747 2137 1896 2192 oaenerou

699 2139 891 2290 {immutor
915 2227 980 2280 nec
1008 2199 1070 2298 ipsi
1095 2199 1175 2276 satie
1195 2202 1293 2298 quod
1315 2197 1497 2294 sentiunt,
1519 2209 1717 2302 exprimere
1737 2215 1893 2302 audent,

702 2307 741 2385 δι
758 2309 829 2380 hot
843 2299 921 2376 sere
937 2319 1059 2376 tutore
1082 2300 1134 2372 uti
1159 2293 1280 2372 solent.
1327 2295 1388 2370 De
1404 2297 1676 2396 Amphitheatro
1703 2329 1816 2403 nuper
1836 2310 1897 2384 ali·

699 2402 785 2501 qnid
800 2395 953 2498 promis
1001 2393 1060 2469 De
1075 2418 1147 2492 quo
1164 2393 1296 2490 possem
1321 2417 1413 2468 nunc
1433 2397 1622 2493 longiffime
1637 2398 1805 2492 scribere.
1831 2402 1894 2478 nili

658 2557 662 2569 .
699 2521 864 2579 vererer,
895 2516 941 2567 ne
973 2489 1076 2565 serias
1106 2515 1204 2566 aures
1227 2509 1303 2562 tuas
1329 2488 1498 2584 ejusmodi
1532 2496 1634 2588 nugis
1664 2495 1891 2575 offenderem.

701 2591 797 2668 Nam
816 2615 859 2664 ne
879 2590 963 2686 quid
982 2589 1144 2684 ignoret,
1169 2585 1239 2659 fuit
1254 2583 1295 2658 dt
1313 2585 1435 2678 Vrglius
1450 2589 1486 2658 in
1507 2586 1803 2685 Amphitheam,
1820 2618 1904 2668 orn·-

699 2692 826 2785 niaque
853 2685 1038 2780 diligenter
1056 2682 1242 2780 perspexit.
1292 2675 1398 2774 Opus
1428 2681 1646 2776 estligneum
1670 2691 1788 2764 multis
1812 2691 1908 2764 ima·-

701 2785 842 2881 ginibua
862 2779 1076 2876 insignitum,
1100 2781 1217 2852 multis
1234 2775 1391 2872 undique
1419 2777 1568 2874 capsulis
1602 2778 1794 2860 refertum:
1817 2807 1894 2862 tum
1972 2825 1974 2830 ·

700 2883 788 2955 varii
804 2883 841 2952 in
864 2901 907 2952 eo
925 2877 1063 2950 ordinet
1079 2876 1118 2951 δι
1143 2872 1284 2970 gradus.
1334 2872 1485 2968 Singulis
1509 2897 1624 2952 autem
1647 2877 1768 2976 figuris
1783 2883 1824 2960 δι
1840 2905 1895 2956 or·

700 2976 868 3052 momentis
885 2972 945 3046 sna
969 2975 1049 3046 loca
1066 2971 1181 3057 dedit,
1206 2988 1403 3064 mutamque
1430 2971 1517 3044 mihi
1544 2974 1739 3052 chartarum
1768 2979 1896 3054 molem

702 3073 870 3160 ostendit,
894 3091 934 3144 nt
953 3066 1014 3144 etsr
1034 3067 1171 3162 semper
1193 3065 1360 3140 audierim
1387 3065 1557 3140 Ciceromm
1580 3069 1790 3150 uberrimum
1824 3077 1895 3148 elo.

701 3171 856 3267 quentiae
880 3162 1013 3239 sontem
1041 3161 1126 3247 esset
1157 3165 1221 3237 vix
1240 3183 1356 3236 tamen
1381 3160 1501 3236 induci
1522 3184 1604 3237 ante
1627 3167 1830 3260 potuissem,
1858 3190 1899 3245 ut

702 3269 881 3340 crederem
897 3283 1007 3333 unum
1032 3280 1187 3333 autorem
1204 3281 1274 3331 tam
1296 3255 1369 3331 late
1392 3280 1532 3353 patere,
1558 3280 1682 3356 totque
1702 3287 1748 3339 ex
1762 3290 1807 3342 eo
1834 3290 1899 3340 vo·

702 3363 836 3436 lumina
857 3355 1085 3432 consarcinati
1108 3351 1268 3450 potuisse.
1317 3354 1487 3429 Authoris
1513 3379 1639 3432 nomen
1671 3359 1736 3434 tibi
1758 3359 1906 3458 scripfi,

705 3457 820 3552 Julius
842 3453 977 3552 quippe
1001 3453 1154 3528 Gomr'llus
1177 3450 1251 3547 (3)
1278 3472 1437 3526 vocatur.
1487 3449 1549 3525 Est
1572 3473 1687 3529 antem
1710 3459 1812 3533 valde
1827 3461 1898 3536 bal·

1812 3555 1903 3644 bur,
2059 3653 2068 3662 ι

749 3702 815 3792 (a)
835 3703 889 3774 Aa
924 3701 1091 3770 Turzonem
1115 3697 1309 3788 Episcopum]
1345 3701 1525 3780 Entrratio
1554 3702 1673 3790 psalmi
1700 3710 1899 3781 xxxvlll.

705 3788 809 3856 Dixr':
830 3786 989 3870 orrstodr'om
1008 3791 1082 3853 vias
1096 3803 1195 3882 mear,
1216 3801 1333 3851 nuncu
1359 3801 1414 3852 ata
1435 3785 1582 3872 Stom'floo
1603 3785 1736 3859 Turzorrr'
1760 3795 1900 3877 Episco-

706 3891 755 3958 po
774 3869 1007 3944 Olmutnensr,
1036 3867 1144 3966 eustat
1171 3885 1220 3936 rn.
1238 3805 1357 4018 norff
1373 3868 1443 3966 rdr'r.
1474 3867 1608 3971 Operum
1635 3875 1846 3974 Erosmr'yrom.
1867 3896 1901 3960 5.

709 3955 764 4054 rol.
776 3971 851 4040 417.
871 3953 1034 4050 Quantus
1048 3971 1119 4037 ejus
1130 3965 1296 4035 patronus
1324 3965 1428 4030 nent,
1450 3952 1585 4038 lparsrm
1597 3959 1762 4047 rnlirosmr'
1774 3961 1900 4046 eprsto·

705 4040 1132 4221 118((;ε)ωξῗῐαῐὶιιξιι(ιίιιιι’11ιιι]
1152 4115 1197 4202 de
1223 4133 1294 4202 quo
1312 4117 1350 4217 sn
1380 4117 1444 4185 Ero
1459 4077 1661 4270 mfflstolu
1683 4127 1897 4211 responsoria

706 4206 750 4274 ud
773 4189 932 4287 Vrglrum,
951 4199 1095 4302 qnaenell
1115 4217 1154 4302 ¹¹¹.
1171 4201 1418 4298 appendices)
1452 4201 1506 4298 C·
1561 4207 1900 4306 ..cot17'54haec

703 4291 739 4448 ἐς
763 4282 1899 4524 ιιειιιιιιιιιιιιιιιιιιτιιιιι

701 4493 728 4530 ,,
744 4465 878 4530 toturn,
897 4449 1032 4548 tantum
1046 4463 1198 4546 carpum
1211 4449 1410 4548 degustavi:
1431 4461 1525 4548 totns
1550 4473 1570 4521 a
1594 4470 1709 4541 cuprte
1729 4479 1753 4527 u
1767 4461 1898 4558 qne-ad

634 4559 640 4570 ·
700 4575 729 4618 u
744 4532 993 4613 culcemscatet
1007 4529 1300 4623 impudentissime
1315 4533 1523 4620 mendacio,
1544 4536 1582 4610 &
1597 4539 1774 4630 plusquam
1785 4545 1896 4615 furro-

1816 4627 1906 4710 „sn
