4680 5828
514 615 521 625 ·
562 605 757 703 untur.
788 601 1093 702 suuucun
1120 627 1187 696 m
1214 551 1547 710 ulvunsos.
1580 637 1670 730 ιη

459 801 638 880 nocemur
660 799 772 874 solum
798 797 951 874 officium
968 796 1121 894 superest
1145 797 1244 894 quod
1262 819 1405 875 mortuo
1430 802 1583 897 praestari
1603 803 1660 877 ui·

459 921 515 1071 ga
543 897 688 1069 ppffit&
710 894 1272 1068 {gusinBGenlrltipgicaogdhucmilp
1300 896 1653 1068 etssemcsuntss'statu.

491 1016 564 1072 ono
581 1017 627 1068 ex
789 1017 830 1066 ar
878 1017 949 1067 uno
1101 1017 1189 1066 vene
1272 1046 1283 1065 .
1373 1017 1399 1067 e
1446 1017 1514 1069 onc
1540 1017 1577 1069 io
1600 1017 1654 1068 tn·

457 1093 610 1170 dicendo
629 1091 744 1185 agitur
756 1140 770 1178 ,
800 1089 859 1168 sed
878 1089 940 1164 vix
965 1089 1100 1184 aliquid
1124 1085 1208 1176 fiet,
1233 1089 1321 1163 adeo
1344 1091 1500 1165 omnium
1525 1092 1651 1183 animi,

456 1192 521 1284 qui
542 1188 692 1264 licentiae
709 1183 779 1259 suae
793 1183 946 1259 fraenum-
958 1183 1155 1280 impositum
1171 1187 1215 1259 iri
1232 1203 1410 1274 metuunt,
1434 1208 1658 1284 repugnant,

458 1285 497 1362 δι
514 1283 710 1358 Lutherani
726 1279 891 1357 adversus
917 1299 1072 1355 veterem
1089 1281 1334 1356 Conciiiotum
1350 1281 1653 1372 consuetudinem,

455 1403 591 1457 novam
605 1378 754 1452 sormam
780 1380 929 1474 cupiunt
954 1375 1191 1472 praescribcre.
1238 1375 1375 1450 Volunt
1401 1380 1493 1452 enim
1514 1377 1657 1456 eosdem¹

460 1477 474 1538 ·,
498 1473 696 1563 dicerene,
713 1473 881 1571 quosipst
903 1471 966 1546 fibi
989 1473 1202 1549 adversarios
1223 1471 1495 1564 constituerunt,
1521 1476 1559 1549 id
1582 1477 1649 1568 est,

455 1501 658 1669 Episcopus
681 1571 720 1646 δι
754 1590 899 1646 coeteros
930 1567 1147 1646 ecclesiastici
1178 1569 1321 1644 ordinis.
1370 1569 1469 1664 Quid
1494 1569 1652 1646 futurum

458 1669 502 1743 sit
526 1668 688 1743 divinare
706 1689 779 1742 non
809 1663 952 1762 poss'um.
1011 1663 1111 1741 Deus
1134 1689 1211 1762 opt.
1237 1666 1337 1740 Max.
1362 1667 1432 1741 hoc
1456 1667 1553 1762 quod
1578 1672 1650 1765 agi·

455 1781 517 1839 our
535 1762 704 1841 fortunet.
729 1763 876 1838 Andreas
891 1764 994 1836 Auria
1011 1760 1171 1838 saelieiter
1188 1764 1361 1860 pugnavit
1376 1761 1538 1838 adversus
1557 1764 1650 1838 Tur*

462 1883 552 1952 cae,
585 1885 746 1958 magnum
782 1860 915 1956 quippe
944 1857 1152 1955 Peloponefi
1188 1882 1293 1955 quam
1331 1857 1493 1934 Muream·
1519 1876 1653 1936 vocant

458 1979 597 2054 partem
617 1959 838 2053 recuperavit
869 1956 913 2028 ab
939 1954 1036 2029 hoste
1050 2006 1067 2041 ,.
1085 1977 1310 2052 magnumque
1336 1957 1482 2030 ulterius
1508 1979 1653 2054 progre-

458 2053 583 2128 diundi
610 2052 709 2148 spem
734 2053 917 2146 concepit,
949 2048 979 2123 st·
1001 2049 1117 2124 Caesar
1141 2053 1267 2125 auxilia
1293 2048 1500 2127 submittere·
1516 2073 1655 2148 perget.

459 2148 542 2244 Ego
564 2149 623 2224 hic
646 2150 690 2222 nd
713 2150 911 2244 proximum
932 2143 1040 2240 usque
1068 2147 1306 2240 Septembrem
1333 2151 1480 2234 morari,
1505 2173 1554 2224 ac
1570 2149 1653 2222 inde

458 2247 532 2320 visa
556 2241 671 2319 Roma
691 2245 729 2316 in
752 2244 901 2342 patrium
922 2243 1036 2315 redite
1057 2243 1208 2315 decrevi.
1257 2244 1482 2340 Quocunque
1505 2269 1559 2320 me
1582 2244 1654 2318 sor-

458 2363 543 2416 tuna
560 2341 651 2417 seret
673 2341 725 2416 tui
749 2340 949 2413 memoriam
967 2339 1052 2411 mihi
1062 2337 1333 2434 jucundissimam
1354 2363 1487 2413 mecum
1504 2342 1654 2416 circum*

458 2437 595 2525 stram,
628 2436 667 2510 &
690 2438 758 2512 mei
785 2433 927 2510 viciflim
956 2433 1112 2509 conabor
1138 2438 1174 2507 in
1206 2433 1319 2508 vestra
1342 2435 1561 2512 Bibliotheca
1587 2441 1652 2512 eri·

458 2557 569 2634 gere,
606 2558 684 2610 cum
708 2531 809 2609 Deus
839 2531 948 2608 voict.
998 2528 1097 2606 Vale.
1147 2531 1317 2606 Postridie
1339 2529 1477 2609 Natalis
1502 2529 1661 2608 Domini

400 2719 402 2725 .
460 2653 553 2710 anno
578 2652 688 2730 1532-

631 2897 1140 3052 EPISTOLA
1194 2900 1482 3004 XXXVI.
1651 2929 1821 2994 uxor,

1686 3031 1735 3070 mo
1753 3011 1793 3070 ΙΙ.

545 3129 899 3256 nnnsmo
952 3127 1592 3223 Rouunonnmo..
1686 3087 1835 3229 istm

465 3335 593 3474 Quod
617 3331 934 3473 nsinerbacsrium
954 3331 1066 3450 scire
1093 3333 1299 3471 cupiebat,
1332 3361 1414 3476 per
1437 3336 1658 3458 Erasmum
1715 3400 1831 3476 1533·

518 3470 652 3542 mittit.
716 3447 923 3565 Significat
942 3446 994 3568 se
1019 3445 1179 3564 publice
1198 3450 1390 3566 profiteri
1416 3452 1599 3544 Patavii.

452 3635 456 3641 .
555 3563 629 3654 De
649 3559 813 3678 Caefaris
829 3589 923 3652 cum
940 3561 1137 3676 Ponnfice
1157 3562 1574 3684 congrtffussonouiae..

526 3789 593 3866 0st
611 3813 668 3868 eas
683 3790 822 3879 literas,
840 3786 971 3881 Emstne
990 3787 1205 3877 dbiiissi'me,
1220 3813 1304 3886 quas
1323 3812 1389 3886 per
1409 3790 1665 3866 mresbachium

549 3887 593 3961 ad
608 3911 663 3960 me
679 3883 820 3969 dedisti,
846 3887 959 3959 nullae
977 3907 997 3956 a
1013 3905 1049 3960 te
1065 3885 1204 3981 accepi,
1230 3887 1310 3961 etim
1334 3910 1447 3961 tamen
1468 3883 1664 3964 fasciculos

459 3987 598 4078 aliquot
616 3981 781 4065 miserim,
806 4005 848 4056 ac
871 3983 916 4054 de
939 3981 980 4054 iis
1005 3981 1109 4056 rebus
1132 3983 1179 4054 ad·
1204 4001 1240 4057 te
1261 3982 1476 4078 scripserim,
1501 3985 1546 4060 ad
1565 4006 1663 4079 quur·

461 4079 639 4176 sperabam
655 4095 691 4152 te
712 4095 784 4151 non
805 4095 949 4174 gravate
965 4074 1218 4171 responsurum.
1270 4079 1502 4176 Quapropter
1522 4103 1661 4155 vereor*

458 4201 504 4251 ne
528 4179 642 4250 literae·
658 4197 745 4249 meae
768 4195 848 4248 non
864 4171 953 4248 sitis*
979 4171 1162 4270 diiigenter
1186 4195 1346 4267 cutatae,
1378 4179 1555 4251 nevo-tibi
1580 4199 1662 4250 non

459 4269 524 4346 sint
544 4273 698 4348 redditae.
791 4270 863 4344 uod
887 4269 992 4344 vaide
1021 4293 1064 4345 cu
1092 4271 1128 4343 io
1148 4273 1378 4367 cognoscere,
1405 4293 1444 4347 ut
1459 4275 1577 4348 eadem
1593 4275 1661 4346 vel.

459 4367 583 4446 iterum
602 4365 667 4441 tibi
684 4365 766 4540 fipn'
797 4391 894 4450 cem,
918 4364 980 4439 vel
1004 4293 1168 4464 epifiolas
1198 4363 1373 4464 neglectas
1395 4369 1442 4444 ab
1468 4371 1543 4456 iit,
1566 4391 1654 4464 quo·

460 4485 538 4542 mm
555 4464 700 4563 cutaeip
715 4487 757 4544 ee
780 4459 1040 4556 commiseram,
1063 4464 1240 4633 {equitem
1263 4462 1394 4560 posim
1443 4463 1486 4542 Iu
1507 4463 1655 4573 presepe·

1120 4577 1153 4654 3>
1606 4579 1669 4636 ²¹²
