4680 5828
613 714 672 817 aa
724 681 970 800 worm
996 705 1063 782 aa
1092 621 1751 786 Auuuazmcuuur

617 900 781 1000 genium,
805 903 1036 992 penetratque
1062 883 1261 963 intellectus
1286 885 1419 961 indura.
1467 880 1583 956 Porro
1601 883 1650 960 ob
1663 883 1832 984 frequerl·

591 981 670 1074 ¹-tee
694 999 796 1092 hujus
820 989 1018 1064 Academiae
1042 989 1247 1060 vacationes
1265 977 1391 1078 sumpsr
1411 981 1498 1054 mihi
1518 1002 1644 1056 munus
1663 986 1834 1080 privatim

617 1087 832 1194 prolegendi
855 1085 938 1185 ipsu
962 1081 1187 1158 Authentlca.
1235 1075 1433 1152 Maluurem
1455 1079 1491 1150 lu
1505 1073 1635 1152 Geaeca
1649 1082 1774 1176 lingua
1795 1081 1833 1156 δι

621 1207 807 1268 eontenms
832 1207 926 1260 eram
941 1179 1071 1279 ’paucis
1089 1173 1330 1250 Grammatica
1354 1171 1523 1261 tradere,
1546 1171 1609 1250 led
1632 1177 1834 1272 Rachu'agerr'

622 1287 726 1362 solito
742 1283 851 1379 magis
871 1305 892 1354 a
915 1301 972 1351 me
994 1279 1033 1350 in
1056 1273 1145 1368 juria
1162 1269 1314 1346 studium
1330 1269 1556 1360 inflammati,
1582 1295 1686 1346 novae
1702 1276 1834 1369 linguae

625 1385 784 1459 laborem
800 1379 1126 1454 &avocamentum
1154 1365 1407 1444 detrafilabant.
1456 1368 1536 1440 Erit
1555 1385 1672 1443 autem
1691 1369 1773 1468 ipsra
1796 1372 1835 1444 iu

629 1479 751 1580 primis
774 1470 1029 1549 fructuosam
1052 1465 1181 1553 lollio,
1206 1467 1244 1542 &
1272 1466 1359 1538 mihi
1383 1487 1455 1538 non
1479 1463 1698 1560 injucunda,
1723 1469 1837 1542 couti·

630 1597 716 1650 nent
734 1573 827 1647 enlm
852 1568 1027 1645 novillrma
1049 1585 1202 1662 quaeque
1226 1561 1325 1656 jura,
1349 1560 1529 1656 gloffrsque
1551 1563 1656 1636 valde
1679 1561 1756 1654 sunt
1774 1562 1839 1636 fo·

631 1677 738 1756 data,
761 1687 890 1765 praeter
913 1686 1019 1758 atque
1044 1663 1150 1734 etiam
1166 1676 1313 1754 propter
1333 1679 1491 1732 veterem
1507 1656 1764 1736 transsationem
1781 1661 1854 1736 de··
1989 1719 1992 1726 ,

634 1765 911 1867 pravatilllmam.
959 1759 1107 1832 Animus
1139 1776 1255 1828 autem
1276 1749 1330 1825 est
1364 1753 1461 1826 milri·
1482 1752 1553 1829 hoc
1586 1754 1682 1850 quali
1713 1757 1842 1854 Augiae

634 1865 808 1940 stabulum
821 1877 1026 1956 repurgate.
1076 1853 1214 1928 Patauii
1236 1869 1328 1924 anno
1355 1871 1459 1946 argu.

457 2109 583 2178 m
863 2003 1380 2174 eats'uotu
1444 2055 1573 2158 xv.

457 2215 512 2254 mo
527 2190 570 2251 ll.

463 2245 1814 2400 om·0uuoLosucQuuTool

464 2349 526 2410 vlo.

478 2559 586 2632 1531·
645 2511 973 2632 Elegonrr'ffimo,
990 2507 1072 2626 sed
1094 2506 1320 2597 vehementr·
1342 2514 1518 2596 oratione
1537 2507 1728 2624 dssaadea
1747 2515 1845 2628 nup

498 2636 503 2642 '
699 2641 784 2718 *rias
798 2656 888 2716 rum
902 2625 1145 2740 alienigena,
1174 2649 1344 2737 eumque
1368 2619 1596 2710 Patavium
1619 2628 1789 2732 invitat,

874 2739 1117 2828 luculentam
1149 2732 1320 2846 offerens
1356 2737 1626 2828 conditionem.

651 3007 653 3010 ·
706 2971 827 3048 'Cribia
846 2967 891 3044 ad
912 2993 985 3056 me,
1011 2967 1048 3042 &
1063 2989 1135 3041 non
1158 2985 1293 3040 tantum
1308 2963 1483 3062 postulas,
1503 2961 1679 3041 sedetiam
1694 2963 1845 3063 flagitas,

528 3125 531 3132 .
736 3068 874 3154 Catule,
907 3088 1032 3160 magna
1058 3064 1182 3138 animae
1207 3086 1295 3136 meae
1320 3064 1359 3137 δι
1385 3084 1479 3136 nunc
1510 3085 1673 3137 curarum
1697 3087 1848 3137 mearum

651 3171 799 3241 maxima
822 3187 923 3259 pars,
949 3161 1173 3247 suadeamne,
1198 3180 1238 3236 ut
1264 3162 1415 3255 puellam
1443 3159 1618 3249 nobilem,
1641 3159 1848 3256 pulchram,

652 3267 887 3358 locupletem,
913 3280 991 3354 quae
1019 3258 1055 3330 &
1070 3279 1107 3331 re
1130 3277 1241 3340 amat,
1267 3252 1424 3352 &quam
1445 3255 1518 3352 ipse
1533 3255 1711 3331 redamare
1737 3279 1774 3330 te
1797 3258 1850 3353 iu·

648 3363 770 3444 dicas,
797 3377 947 3452 quaeque
970 3352 1032 3426 tibi
1047 3351 1200 3426 offertur
1212 3356 1331 3443 ultro,
1361 3377 1510 3428 uxorem
1534 3356 1654 3430 ducas.
1702 3351 1744 3425 ln
1777 3377 1851 3450 quo

651 3453 736 3526 'sane
756 3476 824 3547 ego
841 3475 911 3525 non
930 3449 1126 3523 dubitarem
1141 3449 1390 3548 promptillrma
1406 3450 1669 3528 voluntate.tlbi
1687 3447 1769 3526 obse
1795 3452 1874 3536 ui,·

652 3551 681 3623 ss
705 3575 759 3622 me
778 3551 888 3621 aetatis
901 3545 1140 3629 imbecillitas,
1165 3571 1348 3642 rerumque
1365 3548 1539 3645 imperitia
1553 3545 1751 3646 perspicere
1768 3475 1852 3621 Ene-

659 3668 735 3731 rot,
760 3647 845 3741 quid
871 3645 957 3718 utile
983 3641 1152 3718 inutileve
1177 3643 1214 3714 in
1238 3665 1275 3715 re
1295 3661 1352 3716 cot
1379 3645 1542 3718 involuta
1572 3643 1852 3729 circumstantiis,

661 3741 751 3816 ell'et.
782 3742 832 3814 Et
850 3742 989 3837 quidem
1010 3737 1038 3811 fi
1063 3737 1288 3814 Rethoricari
1303 3740 1389 3811 mihi
1410 3739 1474 3812 'hle
1498 3741 1655 3827 luberet,
1678 3741 1853 3814 latilstmua

587 3863 591 3872 ·
657 3839 729 3915 sese
756 3862 901 3935 campus
921 3833 1025 3911 offert
1046 3839 1084 3909 in
1109 3839 1289 3931 auumque
1311 3855 1449 3933 partem
1466 3833 1678 3930 differendi,
1699 3836 1759 3912 sed
1781 3841 1854 3956 hoc

1771 3959 1853 4012 cum

707 4087 770 4173 (1)
793 4086 902 4156 Corolo
922 4083 1084 4170 quueto]
1109 4084 1143 4153 Is
1163 4084 1227 4154 fuit
1253 4088 1402 4158 Flauder
1427 4089 1465 4160 δι
1494 4089 1758 4176 Iurisconsultus
1782 4091 1856 4156 exi-

663 4175 774 4246 mius,
795 4190 835 4238 ac
865 4169 969 4255 Vlglr'o
988 4169 1293 4256 conjuuffllllmus,
1315 4174 1368 4240 uti
1395 4173 1467 4240 dixi
1486 4173 1522 4238 in
1547 4175 1652 4241 Notis
1675 4174 1718 4239 ad
1736 4173 1856 4238 Vitam

666 4258 714 4324 N.
733 4257 843 4322 XVII.
862 4253 989 4342 Erasmo
1001 4253 1067 4321 fuit
1080 4270 1181 4322 notus
1197 4255 1435 4408 &probatum
1457 4274 1561 4340 aquo
1575 4257 1618 4324 ad
1631 4275 1710 4323 eum
1723 4254 1858 4324 exstant

662 4341 778 4406 literae
797 4339 900 4406 binae.
941 4339 1079 4404 Alcimus
1099 4357 1237 4425 porroa
1276 4340 1437 4428 Erasmum
1458 4339 1609 4409 scribens
1633 4338 1677 4406 de
1698 4337 1798 4422 Viglio
1814 4357 1857 4407 ac

668 4423 830 4507 Susquero,
851 4438 974 4499 cuorus,
996 4423 1276 4510 inquit,arerque‚
1289 4431 1409 4510 peritus
1423 4441 1564 4509 uterque,
1584 4423 1710 4508 disertus
1723 4438 1790 4488 uter
1845 4474 1855 4492 .

666 4505 767 4571 Haud
777 4511 907 4580 mirram,
930 4506 996 4570 bene
1012 4512 1170 4573 convertite
1183 4513 1313 4592 utrique.
1338 4509 1383 4579 V.
1403 4509 1494 4578 inter
1509 4505 1715 4578 Erasmianas
1723 4443 1856 4594 Eplffo·

660 4591 734 4659 lam
754 4589 949 4660 MCXLlll.
973 4591 1041 4658 col.
1064 4607 1165 4674 1322.
