4742 5814
515 603 712 701 EPIST.
742 601 1049 702 SELECTAE
1075 627 1142 697 au
1170 601 1488 704 DIVERSOS
1549 626 1637 723 245

530 768 1107 920 ematosa
1163 770 1471 869 xcvttt.

546 925 972 1026 anonam
1053 925 1578 1026 otorano..

433 1095 615 1215 Excusat
632 1093 849 1205 stsentinrn
871 1087 929 1184 C?
962 1092 1063 1177 rude
1095 1089 1313 1206 epistolium
1334 1090 1465 1204 ficum.
1522 1089 1636 1182 Hor·
1676 1120 1781 1202 1537.

489 1233 607 1301 ratur
630 1229 677 1298 ut
696 1208 871 1326 reliquas
900 1205 1187 1294 lucubrationes
1210 1204 1312 1320 suas
1337 1207 1459 1312 edat,¹
1482 1237 1533 1297 ne
1566 1237 1636 1298 aar

490 1327 564 1415 assi
577 1320 856 1526 (suffurantur.
914 1316 1086 1418 Libellir
1113 1319 1255 1406 alienis
1290 1317 1446 1408 Aloioti
1477 1329 1638 1414 nomine

332 1535 341 1542 ,
492 1437 576 1559 pub
594 1444 706 1527 itatis
721 1435 912 1553 quomodo
932 1439 1086 1520 occurri
1098 1431 1223 1547 pofflt.

437 1615 635 1784 MUlta
659 1611 703 1688 ad
718 1633 754 1688 tew
771 1610 925 1707 cupienti
943 1607 1029 1680 mihi
1046 1604 1214 1696 scribere,
1238 1607 1526 1687 Excellentiffime
1534 1634 1634 1782 pra»

571 1731 712 1810 ceptor,
736 1732 873 1805 tempus
888 1705 993 1779 deest.
1019 1703 1232 1802 Quanquam
1252 1707 1344 1780 enim
1364 1707 1517 1782 diutumi
1560 1713 1634 1785 len·

434 1811 475 1884 tii
500 1813 569 1886 mei
595 1809 730 1884 veniam
747 1805 929 1902 deprecari
951 1801 1154 1888 statueram,
1181 1827 1325 1898 eamque
1345 1804 1394 1877 ita
1416 1828 1472 1882 me
1495 1803 1632 1882 neuim

434 1907 496 1981 abs
512 1926 547 1988 te
566 1909 831 2003 impetraturum
847 1899 1058 1985 arbitrabar,
1084 1895 1222 1996 siquod
1244 1899 1316 1994 jam
1341 1901 1473 1978 dudum
1498 1926 1554 1977 me
1579 1901 1633 1978 sa.

434 2026 515 2079 cere
539 2005 676 2086 decuit,
702 2023 795 2074 nunc
821 2000 959 2070 tandem
980 1995 1118 2089 plenius
1147 1995 1385 2092 prolixiusque
1408 1995 1629 2093 praestarem:

434 2100 561 2194 Rogorsi
583 2122 698 2173 tamen
733 2094 907 2170 festinatio
935 2091 1099 2165 accurate
1137 2116 1179 2167 ea
1218 2114 1297 2188 quae
1325 2095 1488 2168 volebam
1517 2095 1563 2170 ad
1594 2117 1631 2172 te

433 2193 608 2270 scribendi
627 2191 827 2266 facultatem
853 2189 1050 2281 intercepit.
1100 2185 1181 2261 Nec
1202 2209 1323 2282 parum
1343 2211 1399 2266 me
1420 2193 1533 2286 pudet
1551 2194 1632 2270 rudi

436 2309 473 2366 te
502 2291 722 2388 interpellare
751 2285 823 2382 jam
854 2285 1033 2381 epistolio,
1068 2284 1131 2380 qui
1160 2285 1346 2379 aliquando
1380 2289 1495 2362 literas
1536 2312 1630 2366 meas

434 2385 531 2462 sacro
547 2389 609 2460 illo
635 2405 696 2460 tuo
714 2381 859 2456 Larario
880 2384 951 2472 (1)
977 2380 1141 2476 dignatus
1167 2378 1285 2454 fueris.
1336 2379 1546 2481 Quanquam
1563 2409 1631 2484 ego

435 2507 508 2558 non
526 2486 595 2557 illis
626 2483 696 2557 hoc
725 2479 847 2556 deberi
873 2478 1028 2573 agnovi,
1051 2475 1113 2550 sed
1136 2496 1204 2550 tuae
1221 2479 1425 2554 humanitati
1440 2531 1457 2567 ,1
1476 2484 1545 2578 qus
1573 2507 1630 2558 me

433 2578 569 2677 semper
586 2579 767 2675 amplexus
802 2600 861 2664 es,
887 2573 1015 2647 merito
1042 2571 1213 2669 adscripsi,
1267 2574 1385 2669 Quam
1416 2582 1579 2674 equidem
1602 2579 1630 2655 fi

432 2677 605 2774 integram
625 2676 758 2749 servate
777 2695 919 2768 queam,
945 2692 1016 2742 non
1033 2669 1334 2766 modovoluptati
1350 2673 1435 2746 mihi
1449 2679 1632 2764 maximae,

433 2771 612 2848 sedetiam
637 2790 842 2847 ornamento
859 2791 901 2842 ea
927 2764 1045 2841 fuerit.
1095 2765 1179 2841 Tali
1204 2769 1297 2841 enim
1319 2791 1388 2865 ego
1415 2777 1631 2869 praeceptori

274 2913 280 2924 ·
433 2891 505 2944 non
524 2864 754 2965 displicuisse,
778 2867 813 2938 in
830 2863 925 2938 boni
943 2859 1118 2939 felicitatis
1141 2887 1226 2938 meae
1249 2885 1350 2960 parte
1374 2891 1493 2962 pono,
1516 2893 1633 2946 meam

432 2967 522 3042 uerd
542 2988 625 3061 erga
644 2984 679 3036 te
696 2961 953 3037 observantiam
965 2962 1073 3034 nolim
1088 2985 1124 3036 te
1138 2983 1182 3034 ex
1197 2958 1330 3034 silentio
1346 2987 1424 3036 meo
1443 2961 1608 3041 aestimare
1618 3018 1631 3054 ‚

433 3061 514 3135 cium
524 3059 624 3134 sciam
643 3060 708 3133 tibi
717 3055 976 3152 occupatissimo
991 3055 1250 3151 doitisfimoque
1272 3057 1398 3132 otiosas
1414 3081 1456 3133 ac
1471 3059 1630 3137 indusias

433 3159 552 3232 literas
576 3154 751 3230 fastidium
775 3157 983 3248 plerumque
998 3153 1146 3229 adferre.
1198 3151 1332 3242 Quales
1354 3153 1433 3228 sane
1452 3179 1546 3232 meas
1562 3161 1630 3234 tibi

434 3255 546 3328 videri
571 3251 703 3327 necesse
726 3247 801 3334 est,
835 3249 896 3346 qui
928 3254 997 3346 jam
1034 3271 1164 3344 preter
1188 3248 1376 3326 sorensium
1413 3251 1630 3330 Rabularum

434 3353 603 3425 chmores
635 3350 724 3422 nihil
756 3347 886 3429 audio,
921 3348 982 3442 qui
1009 3347 1164 3432 libellis,
1196 3351 1378 3437 articulis,
1411 3349 1630 3448 testiumque

435 3445 535 3520 distis
575 3449 607 3520 le
633 3443 758 3534 endis,
793 3443 1093 3540 eatmninandisque
1124 3465 1227 3516 omne
1267 3464 1402 3540 tempus
1445 3446 1627 3524 consum0.

437 3541 579 3633 Quibus
599 3467 812 3614 germanica
835 3541 907 3614 sere
927 3541 1047 3636 lingua
1073 3539 1280 3635 conscriptis
1306 3541 1442 3614 Latinae
1465 3545 1628 3619 ditionis

435 3641 739 3734 quantulacunque
755 3635 901 3708 facultas
920 3635 1021 3709 facile
1037 3637 1262 3732 extinguitur.
1315 3635 1371 3710 De
1394 3640 1547 3733 Parergit
1565 3665 1628 3715 no·

433 3737 487 3810 bis
505 3732 690 3830 generosus
717 3729 909 3806 adolescens
936 3735 1019 3805 Otho
1043 3755 1064 3804 a
1090 3735 1243 3828 Vastpurg
1268 3731 1362 3828 spem
1390 3756 1459 3806 non
1481 3757 1627 3830 parvam

433 3829 585 3917 fecerat,
611 3829 724 3924 deque
745 3828 1022 3902 excellentissimo
1049 3830 1110 3902 illo
1136 3851 1197 3902 tuo
1224 3830 1365 3924 ingenio
1389 3833 1490 3906 nimis
1513 3833 1626 3906 humi·-

431 3930 513 4004 liter
532 3923 677 4022 teipsum
696 3923 830 3998 sentire.
881 3921 1001 3998 Times
1018 3947 1061 3999 ne
1083 3922 1232 3998 obscuro
1259 3927 1362 4000 alicui
1380 3925 1626 4024 Antisophistae

432 4028 502 4101 tela
526 4019 689 4102 adversus
704 4043 740 4098 te
759 4019 946 4118 praebeas‘s
969 4020 1020 4097 Et
1042 4043 1113 4096 tam
1132 4023 1320 4096 multorum
1333 4021 1504 4120 judicium
1519 4025 1624 4196 ulqius

1564 4145 1627 4200 voe

475 4251 540 4352 (ι)
562 4247 717 4334 sarano]
744 4247 943 4329 Laterium,
961 4253 1053 4400 qaut.
1071 4247 1186 4315 lararii
1212 4262 1247 4313 n.
1272 4243 1437 4332 lamprid.
1459 4248 1626 4322 Oratoire

435 4335 541 4418 (Lacu
556 4336 640 4403 dans
656 4332 827 4400 lamaison
840 4353 886 4400 ou
896 4334 947 4400 les
988 4350 1095 4419 ayens
1109 4330 1289 4400 adoroient
1304 4331 1397 4400 leurs
1408 4332 1490 4401 saux
1504 4336 1624 4406 Dieux

434 4419 677 4502 d'omelliques,
698 4415 735 4486 δι
764 4435 827 4484 eur
844 4415 1002 4492 fatsoient
1020 4415 1080 4486 des
1111 4411 1308 4500 offmdet)
1337 4411 1404 4486 Pa.
1422 4417 1632 4492 nonatum

434 4503 520 4575 Deo.
538 4501 653 4574 Latino
690 4527 691 4530 ¹
777 4519 806 4573 aa

1071 4579 1147 4660 ΗΒ
1172 4602 1202 4690 3,
