4680 5828
597 675 793 796 cursu.
824 671 1132 784 sennenn
1164 680 1235 770 nn
1257 609 1611 779 'niveusoa
1640 685 1695 788 aa

498 889 555 945 res
581 887 652 942 non
675 863 769 944 reete
788 861 981 963 percipio,
1015 853 1077 934 nili
1100 855 1191 932 illud
1213 852 1352 933 fortalle
1375 854 1450 942 via,
1475 856 1573 956 quud
1599 857 1696 952 apud

501 967 674 1040 ciceronem
704 962 882 1059 promittit
910 958 1045 1033 Orator
1073 953 1230 1050 Craffut,
1262 953 1396 1028 scilicet
1431 974 1473 1030 ut
1502 955 1696 1048 generatim

494 1059 558 1156 Jua
583 1059 700 1136 Civile
726 1056 962 1139 describatur,
986 1053 1025 1130 δι
1043 1052 1080 1126 in
1098 1049 1272 1147 quandam
1287 1051 1371 1124 artie
1387 1048 1539 1147 speeiem
1559 1050 1695 1148 digera-

494 1179 565 1232 tur.
615 1153 700 1231 Hoc
724 1157 815 1231 enim
833 1149 1020 1253 plerosque
1043 1148 1152 1223 video
1181 1145 1334 1222 obicere
1349 1143 1606 1244 profefforibua
1631 1171 1696 1222 uo·

494 1252 592 1340 stris,
617 1276 689 1350 quo
712 1252 818 1326 nimia
838 1254 941 1348 hujus
969 1243 1163 1343 disciplina
1211 1243 1218 1257 '
1258 1245 1372 1320 cultas
1390 1246 1449 1322 vel
1469 1245 1615 1319 tollatur
1632 1245 1693 1318 vel

493 1349 591 1426 certe
607 1348 793 1425 minuatur.
842 1345 977 1426 Venim
993 1341 1075 1418 citur
1090 1361 1129 1418 tu
1148 1339 1271 1439 postea
1292 1341 1330 1414 in
1349 1338 1429 1436 Jure
1444 1339 1563 1417 nostro
1584 1342 1694 1436 aequi-
1741 1429 1745 1439 ἱ

495 1465 606 1520 tatem
631 1443 834 1532 desideras,
859 1444 954 1519 aliud
974 1438 1141 1537 quiddam
1168 1437 1257 1511 mibi
1278 1438 1372 1514 velle
1397 1439 1556 1526 videris,
1588 1437 1694 1540 quam
1744 1505 1748 1520 .

494 1543 593 1638 quod
604 1541 723 1620 modo
742 1567 787 1618 ex
805 1543 941 1615 dicemur
960 1536 1077 1614 citavi.
1111 1534 1262 1631 Equites
1284 1537 1377 1610 enim
1389 1584 1401 1623 ,
1426 1533 1487 1612 rtli
1504 1537 1581 1629 Juri
1611 1532 1693 1610 scri·
1740 1615 1744 1626 ¹

491 1658 560 1735 pto
574 1636 676 1714 ineffe
692 1638 817 1728 debet,
840 1659 956 1713 nmen
973 1633 1054 1710 cir'm
1071 1633 1154 1728 quid
1172 1631 1363 1729 generatim
1372 1630 1586 1728 disponitur,
1602 1633 1692 1706 acci·

494 1737 548 1810 dit
577 1733 833 1830 saepenumero‚
859 1753 900 1808 ut
922 1733 1030 1806 nimia
1047 1727 1304 1806 constitutionis
1324 1729 1569 1804 constristioue
1585 1729 1694 1826 aequi·
1740 1797 1746 1812 ,

491 1851 544 1907 tas
561 1833 768 1918 collidatur,
793 1854 873 1927 quae
892 1829 1036 1926 quidem
1057 1848 1149 1922 vaga
1173 1827 1251 1899 vult
1273 1823 1341 1900 elie
1365 1822 1403 1898 δι
1423 1824 1556 1913 libera,
1581 1847 1623 1900 ac
1647 1823 1694 1898 ad

489 1925 672 2024 cujulbbet
697 1926 824 2024 speciei
840 1929 1027 2002 veritatem
1054 1923 1293 2000 accommoda.
1343 1921 1575 2018 Quapropter
1591 1917 1694 1994 fuere
1737 1981 1743 2016 Ι.

435 2109 438 2118 ,
491 2027 554 2119 qui
576 2025 672 2098 omni
692 2025 823 2118 abjesta
842 2024 920 2118 lege
948 2023 1074 2098 cundia
1093 2019 1284 2096 secundum
1304 2022 1398 2116 aequi
1418 2019 1456 2096 δι
1472 2019 1556 2092 boni
1573 2015 1692 2094 ceusu·
1736 2079 1746 2121 ‚-

495 2141 569 2194 ram
591 2117 817 2216 disceptanda
831 2119 1066 2193 crediderunt.
1117 2115 1188 2189 Sed
1206 2137 1327 2189 eorum
1344 2113 1426 2190 sane
1447 2113 1614 2202 sententia
1630 2137 1692 2210 pe·
1741 2185 1744 2196 ,

498 2213 645 2292 riculosa
662 2212 924 2314 pernicioseque
940 2211 1162 2312 Reipublicae
1179 2213 1339 2298 videtur,
1363 2210 1390 2286 li
1414 2214 1494 2310 quis
1518 2209 1610 2289 reete
1633 2234 1692 2286 ex·
1738 2285 1742 2300 „

1603 2331 1691 2407 pen·

494 2481 641 2544 „nemo
663 2463 771 2536 caufie
791 2465 901 2536 dubiis
924 2466 1143 2537 dillolvendie
1163 2463 1284 2536 instrui
1334 2465 1458 2541 oterit,
1479 2463 1561 2533 cbm
1615 2465 1691 2538 lura
1721 2535 1724 2542 ,

491 2591 519 2630 „
534 2549 598 2619 sint
611 2552 767 2638 negotia,
790 2566 830 2618 ut
846 2551 934 2620 dicit
956 2551 1243 2640 Jurilconsultus,
1265 2485 1367 2637 quim
1381 2550 1563 2618 vocabula.
1618 2549 1690 2620 ilus

491 2675 517 2712 „
533 2635 714 2704 hominum
734 2651 805 2704 tam
824 2635 1042 2716 numerosos,
1061 2638 1098 2703 in
1117 2636 1281 2706 summam
1298 2634 1593 2720 compendiariam
1605 2653 1691 2703 con·

493 2760 518 2796 ,‚
535 2720 677 2788 cludere
692 2720 808 2798 velle,
829 2721 912 2786 nihil
930 2721 1024 2788 aliud
1041 2721 1143 2806 quam
1167 2739 1263 2788 marc
1287 2722 1322 2785 in
1344 2718 1520 2787 lacunnlas
1545 2737 1690 2789 coerce·

491 2843 517 2878 „
533 2823 584 2872 re.
623 2803 681 2871 An
696 2803 810 2871 credis
824 2805 922 2872 nobis
942 2803 1080 2873 difficile
1107 2803 1171 2876 elle
1196 2803 1427 2882 methodum,
1446 2803 1522 2880 vel,
1544 2807 1589 2870 ιιι4
1606 2821 1686 2873 meo

491 2925 518 2964 ,‚
534 2904 632 2955 more
648 2889 792 2971 loquar,
812 2887 977 2956 summam
997 2889 1089 2974 Jurie
1109 2888 1271 2958 tradere?
1292 2888 1384 2973 Quae
1403 2885 1482 2956 sane
1502 2884 1686 2959 difficunas

456 2971 467 2990 ‘
490 3009 518 3049 „
535 2969 602 3052 est,
622 2971 745 3057 partiri
773 2972 834 3069 Jus
850 2972 978 3042 'Civile
1005 2975 1041 3038 in
1066 2969 1269 3057 Judicialia,
1295 2973 1333 3038 in
1357 2969 1623 3041 Conventiones
1647 2972 1686 3043 dc

489 3094 516 3134 „
533 3050 759 3132 Contlastus,
779 3074 814 3122 tn
835 3055 1091 3135 Succelliones,
1111 3057 1146 3122 in
1170 3055 1329 3133 Dotalin,
1347 3057 1385 3122 in
1406 3069 1506 3124 extra
1526 3057 1685 3124 ordinem

489 3178 516 3226 „
530 3138 688 3210 laesorum
704 3139 875 3220 remedia,
895 3142 931 3207 in
946 3159 998 3208 res
1015 3142 1199 3220 tutelares,
1212 3141 1246 3206 in
1260 3140 1433 3225 poenalia?
1447 3139 1538 3226 Quae
1552 3137 1684 3226 septem

489 3263 515 3300 „
531 3241 656 3310 genera
672 3225 755 3309 quid
770 3225 932 3310 prohibet
943 3225 980 3290 in
994 3223 1147 3292 membra
1161 3222 1366 3310 suppartiri?
1385 3222 1455 3292 Sed
1471 3240 1517 3290 ex
1532 3225 1582 3292 eis
1595 3243 1685 3310 prae-

490 3347 516 3384 ,‚
533 3323 586 3375 ter
606 3309 772 3376 noticiam
798 3309 980 3404 quamdam
996 3307 1236 3394 umbratilem,
1257 3307 1341 3393 quid
1369 3305 1525 3376 utilitatis
1562 3309 1684 3378 consc-

491 3429 517 3467 „
533 3392 667 3475 queris?
687 3393 839 3460 Scientta
862 3387 1122 3478 particularium
1145 3391 1194 3462 est
1214 3391 1389 3460 innostro
1415 3391 1683 3544 maxianure,

488 3511 515 3552 ‚,
530 3473 730 3560 vulgaribus
742 3490 877 3551 tamen,
900 3475 1018 3544 saltem
1036 3478 1245 3574 generatim,
1274 3475 1436 3562 cognitis.
1474 3477 1531 3543 Tu
1551 3494 1571 3543 a
1595 3478 1681 3548 oles·

489 3595 517 3634 „
533 3575 635 3637 cens,
663 3557 686 3624 ti
713 3558 824 3643 sapis,
852 3560 943 3645 Juris
967 3560 1090 3628 Civilis
1110 3559 1219 3628 studia
1245 3577 1288 3626 eo
1314 3560 1435 3628 ordine
1482 3556 1682 3644 rolequere,

489 3681 516 3720 ‚,
530 3659 602 3792 guo
619 3641 744 3710 tradita
760 3641 847 3710 sunt.
889 3646 945 3714 De
959 3644 1215 3716 commentariis
1231 3643 1399 3710 librorum
1419 3662 1438 3710 e
1468 3660 1549 3710 oan
1569 3645 1604 3710 in
1632 3649 1682 3716 eir

488 3767 515 3803 „
546 3725 695 3812 attgeris.
734 3726 887 3814 Negotia
913 3727 1089 3796 tradenda
1114 3741 1150 3796 te
1186 3725 1393 3804 docebunt,
1422 3726 1504 3810 quid
1526 3723 1679 3810 sequare.

488 3851 514 3889 „
530 3805 680 3878 Nervam
698 3810 803 3876 lilium
824 3811 934 3895 primi
952 3810 1184 3880 adolescentii
1202 3813 1246 3879 de
1263 3813 1340 3896 jure
1363 3807 1587 3895 respondille,
1609 3830 1680 3886 non

487 3892 690 3978 „estquod
709 3897 884 3966 miremur.
924 3896 1016 3964 Nam
1034 3897 1072 3964 dr
1086 3895 1229 3962 Burtolus
1243 3895 1279 3959 in
1300 3893 1427 3961 xv111.
1450 3910 1541 3960 anno
1558 3893 1680 3966 doctor

488 4019 514 4057 ”
528 3976 1679 4148 iiliilllllil“sinimi‘lllddiligibili&

488 4103 513 4139 55
1086 4108 1095 4138 5
1539 4118 1547 4133 ι
1663 4099 1681 4120 ‘¹

487 4185 513 4224 „
531 4147 632 4212 cocia
656 4163 726 4212 non
751 4146 900 4224 durant,
921 4149 1064 4216 maturis
1090 4145 1291 4212 haerendum
1310 4144 1370 4213 est.
1411 4145 1490 4214 Nec
1518 4149 1582 4216 tibi
1600 4139 1679 4234 perss

488 4269 513 4306 „
530 4227 659 4296 suasum
674 4230 796 4304 velim,
819 4231 912 4313 quod
927 4231 1009 4316 Jura
1031 4247 1101 4298 non
1117 4229 1265 4296 habeant
1281 4229 1489 4312 principium
1502 4231 1540 4302 da
1560 4232 1676 4304 finem.

487 4351 513 4389 „
530 4313 672 4380 Habent
686 4313 866 4398 equidem,
887 4328 926 4381 ut
948 4313 1088 4400 testatur
1109 4308 1304 4398 imperator
1310 4333 1322 4393 ;
1344 4313 1415 4380 Sed
1430 4331 1507 4396 quae
1526 4315 1596 4386 late
1615 4337 1677 4402 pn·

488 4434 513 4472 „
531 4411 626 4476 tent,
650 4415 722 4463 non
754 4413 868 4464 tamen
900 4395 977 4465 sunt
1004 4396 1147 4465 infinita.
1188 4395 1229 4464 In
1259 4395 1389 4462 summa
1417 4399 1490 4464 noli
1517 4399 1676 4472 laborate

489 4519 513 4556 „
529 4481 621 4548 cirta
640 4481 864 4556 Methodnm,
888 4480 1149 4566 Quinquaginta
1175 4480 1255 4548 libri
1269 4477 1515 4548 Pandenarum
1534 4479 1599 4550 lint
1614 4479 1678 4553 tibi

489 4602 513 4640 „
529 4563 762 4634 lllethodus&
779 4565 1075 4634 lestioordinaria.
1097 4565 1198 4720 {tle
1239 4561 1288 4630 Ex
1305 4562 1431 4632 aedibus
1454 4566 1548 4636 meis.
1567 4581 1590 4612 ‘⁶
