4882 5804
486 728 491 742 Ι
522 581 714 688 EPIST.
743 575 1049 687 SELECTAE
1078 585 1144 677 Ab
1171 581 1502 690 DIVERSOS.
1542 625 1618 714 171

424 817 495 895 que
510 793 621 892 magis
646 790 802 890 quotidie
826 791 1013 868 demerear.
1062 784 1350 868 Benevolentiarn
1379 794 1506 868 etenim
1533 802 1622 874 tanti

427 894 519 982 viri,
543 891 582 968 δι
597 913 670 987 quo
684 911 758 964 non
774 887 881 964 alium
897 885 1015 963 nostro
1036 903 1196 986 tempore
1217 893 1412 966 communis
1429 892 1542 987 patria
1560 895 1621 970 ha-

426 989 487 1066 bet
503 987 661 1087 plurimis
679 985 856 1084 preditum
873 985 1110 1073 ornamentis,
1134 1007 1207 1060 non
1226 983 1364 1085 poiium
1390 1007 1464 1063 non
1477 991 1620 1084 plurimi

425 1085 553 1162 facere.
602 1082 796 1180 Sperabam
813 1083 904 1158 vero
927 1085 1010 1160 leto
1033 1082 1155 1177 aliquo
1175 1103 1403 1179 argumento,
1426 1082 1618 1184 felicisque

427 1183 541 1258 exitus
564 1183 668 1279 hujus
688 1175 876 1256 obsidionis
894 1180 1046 1263 nuncio,
1070 1180 1139 1252 mei
1163 1181 1258 1277 apud
1284 1203 1320 1257 te
1343 1183 1542 1259 memoriam
1563 1209 1618 1260 me

423 1299 690 1356 renovaturum:
715 1275 774 1352 sed
792 1295 921 1374 praeter
939 1277 1097 1352 omniurn
1118 1279 1394 1374 expectationem
1419 1279 1498 1354 baec
1520 1279 1618 1354 Mar·

421 1376 467 1450 tis
483 1379 558 1452 alea
572 1373 723 1460 cecidit,
747 1375 844 1472 cujus
860 1397 931 1448 non
943 1371 1067 1448 dubito
1083 1394 1275 1460 rumorem,
1298 1375 1410 1472 reipsa
1424 1376 1527 1451 etiam
1540 1399 1618 1473 gra·

424 1474 580 1556 viorem,
607 1471 722 1546 multd
737 1472 781 1544 ad
800 1490 836 1545 te
851 1488 951 1545 antea
968 1467 1190 1567 permanasse.
1222 1467 1319 1545 Nam
1333 1472 1450 1569 pridie
1466 1473 1615 1547 Calend.

424 1566 639 1665 Septembris
654 1567 751 1641 omni
765 1587 932 1662 apparatu
949 1587 1053 1663 atque
1071 1565 1110 1639 vi
1128 1565 1350 1642 constitutum
1367 1589 1442 1644 crat
1455 1570 1578 1644 urbem
1592 1575 1616 1621 ³
1648 1579 1773 1646 *Mons-

423 1687 654 1762 oppugnare,
678 1660 718 1738 dt
741 1665 840 1740 miles
856 1662 1042 1738 videbatur
1062 1661 1162 1736 adid
1182 1685 1274 1759 opus
1300 1663 1381 1738 satis
1401 1662 1469 1738 effe
1488 1667 1615 1740 anima.
1647 1657 1781 1802 aare&

419 1772 780 1932 {stitture
796 1754 1336 1932 Vifiiei‘viiidiidiffii’
1360 1757 1616 1934 iiii-¹123&
1647 1815 1716 1876 Μ’·
1736 1785 1791 1878 u'

421 1881 688 2030 monteconfriio
712 1879 938 2029 hocpbelilum
969 1883 1131 2062 gabienus
1164 1949 1299 2048 gestum
1316 1879 1377 2027 'aeq
1391 1953 1614 2032 sustentatum
1648 1895 1791 2042 Qu.

421 2049 490 2125 fuit
514 2051 698 2146 potiundae
721 2049 817 2122 urbis
842 2047 903 2144 spe
929 2069 1020 2143 pene
1048 2047 1285 2127 destrtuerunt.
1344 2050 1389 2124 In
1412 2052 1449 2124 id
1472 2053 1616 2130 tandem
1732 2089 1733 2092 ¹

420 2143 621 2220 consensum
637 2141 686 2217 est
708 2143 965 2240 aproceribus,
990 2147 1254 2239 propugnacula
1273 2169 1354 2244 quae
1376 2149 1487 2242 vulgo
1502 2151 1612 2224 Blouk-

418 2239 526 2336 dur'sen
555 2242 797 2353 appellamus,
831 2241 925 2312 circa
959 2240 1083 2313 urbem
1111 2242 1311 2330 collocare,
1343 2241 1613 2344 praefidiomque
1709 2253 1714 2261 '

418 2333 562 2434 fingulis
599 2357 779 2434 tmponere
813 2335 970 2430 peditum
1003 2353 1130 2422 2000„
1164 2339 1389 2434 equitumque
1426 2359 1506 2435 300.
1555 2343 1613 2419 Ac

416 2433 525 2509 isthac
547 2455 651 2508 manu
672 2431 856 2508 confidunt
872 2429 970 2542 poiie
989 2431 1024 2507 se
1044 2431 1231 2528 prohibere
1255 2433 1496 2532 nequisquam
1514 2441 1613 2536 quie·

233 2595 238 2604 .
334 2563 336 2568 ·
417 2553 522 2628 quam
538 2531 723 2626 importet,
747 2547 808 2604 aut
826 2550 872 2602 ne
889 2549 950 2624 qur
972 2530 1063 2603 intra
1083 2527 1204 2603 urbem
1230 2527 1309 2606 sunt
1334 2553 1464 2608 temere
1489 2557 1612 2612 excur-

417 2622 879 2798 remitittttti:
893 2623 1304 2796 iississi'iisiimpm
1326 2627 1608 2804 iiiindiiciist·

418 2841 516 2898 arces
534 2839 672 2914 coepere
686 2816 886 2894 transferre.
983 2821 1006 2892 d
1026 2745 1318 2986 periculum4e⁵st2
1334 2749 1385 2895 Jne
1406 2840 1542 2900 caeterae
1554 2755 1612 2901 u?

416 2915 478 2990 bes
505 2913 542 2988 δι
563 2917 663 3011 pagi,
688 2915 737 2988 ita
759 2930 800 2989 ut
819 2913 882 3002 fit,
913 2911 1026 2988 Mona
1057 2914 1236 2990 erienfium
1259 2919 1439 2994 victoriam
1465 2918 1611 3017 sequen·

413 3007 1610 3208 iiidiffbssaiibbdibiiiii&ibiibiirriddbdiz
1732 3084 1736 3090 ·

415 3223 501 3278 tant
549 3201 608 3279 Eo
624 3227 721 3282 certe
735 3208 817 3282 loco
835 3226 889 3278 res
911 3201 1024 3299 posrta
1039 3201 1106 3280 effe
1126 3163 1288 3292 videtrir,
1311 3226 1436 3282 utnon
1457 3212 1607 3306 amplius
1637 3239 1653 3271 ·
1740 3259 1743 3266 ·

413 3296 570 3384 humarus
592 3301 742 3379 consiliis
764 3301 874 3374 sedari
892 3299 1009 3394 poffit,
1032 3298 1210 3413 plandque
1230 3301 1353 3376 divino
1376 3303 1477 3380 nobis
1492 3312 1605 3382 numi·

412 3419 456 3470 ne
485 3415 574 3490 opus
600 3395 649 3472 iit.
699 3397 781 3492 Ego
803 3395 888 3492 quid
911 3399 983 3469 hoc
1004 3397 1078 3471 loci
1098 3395 1224 3471 factam
1253 3398 1411 3498 ambigo,
1438 3398 1606 3502 Princeps

411 3511 469 3565 me
485 3491 696 3568 humanitate
718 3491 777 3568 sua
795 3495 844 3567 ita
862 3491 1036 3580 devincit,
1060 3513 1101 3569 nt
1121 3514 1245 3588 parurn
1270 3497 1355 3570 mihi
1371 3497 1412 3570 srt
1427 3500 1604 3592 integrum

411 3591 456 3660 ab
475 3611 520 3661 eo
537 3589 709 3662 recedere.
758 3587 839 3661 Nec
854 3587 969 3663 habeo
986 3590 1171 3686 quicquam
1189 3592 1285 3688 quod
1315 3592 1359 3666 de
1380 3615 1423 3667 eo
1449 3617 1603 3689 conque·

409 3709 488 3774 rar,
513 3703 647 3759 tantum
670 3679 757 3758 mihi
778 3684 958 3758 molestum
986 3683 1058 3772 est,
1081 3707 1136 3760 res
1161 3687 1194 3759 ei
1218 3687 1361 3761 nimium
1389 3683 1456 3763 effe
1478 3691 1602 3764 adver·

408 3777 472 3856 sas.
490 3871 493 3876 ¹
522 3775 703 3854 Hactenus
726 3777 824 3854 certe
841 3802 897 3853 me
913 3780 1091 3854 minimum
1107 3781 1317 3858 conditionis
1335 3782 1473 3880 hujusce
1489 3786 1602 3883 poeni·

410 3879 500 3964 tuit,
524 3899 605 3950 nam
625 3873 878 3968 Jurisdiffionis
896 3897 1021 3950 munus
1042 3879 1137 3973 quod
1153 3877 1319 3966 sustineo,
1344 3883 1427 3955 olim
1443 3877 1511 3955 fuit
1531 3905 1601 3956 anr-

432 3975 588 4048 lifiimum
608 3994 650 4046 ac
668 3973 868 4068 cumprimis
889 3969 1141 4061 honorificum,
1165 3973 1226 4047 etsi
1242 3998 1335 4049 nnnc
1358 4001 1438 4052 curn
1461 3973 1606 4053 forenna

405 3996 565 4145 ssraesulis
584 4066 806 4144 succumbere
824 4069 997 4144 videatur:
1022 4067 1166 4144 forensis
1181 4073 1274 4144 oerte
1295 4077 1412 4166 praxis
1437 4092 1603 4170 magnum

407 4163 504 4240 usum
529 4163 654 4241 adfert.
713 4163 761 4237 Et
777 4167 846 4239 hoc
864 4184 1023 4262 tempore
1047 4165 1248 4240 bellicorum
1271 4167 1491 4244 confiliorum
1515 4193 1599 4264 qua-

408 4261 790 4360 lisqualisexpericntia
805 4258 950 4337 acceffit.
1000 4260 1112 4338 Certe
1136 4263 1258 4336 statum
1276 4263 1315 4337 dc
1339 4263 1438 4340 fitum
1457 4265 1599 4342 hu'usce

410 4361 556 4455 regionis
579 4355 695 4455 probd
716 4357 907 4456 perdidici,
933 4359 1030 4454 quod
1048 4357 1122 4432 usui
1141 4361 1326 4454 aliqnando
1347 4363 1471 4435 mihie
1499 4383 1601 4458 epo·

407 4459 515 4550 terit,
550 4455 588 4534 δι
612 4477 706 4531 nunc
739 4477 810 4533 non
839 4453 1088 4622 rnediocriYest
1119 4457 1305 4551 voluptati.
1352 4455 1516 4555 Denique
1540 4457 1610 4626 bf?

1063 4571 1080 4626 a
1542 4575 1602 4628 a·
