4680 5828
684 703 743 796 60
798 699 1037 805 VIGLII
1064 725 1131 793 nn
1158 700 1417 798 AYTTA
1451 701 1823 803 ZUICHEMI

686 928 711 966 ω
736 887 837 962 nibus
855 887 892 963 δι
905 888 1084 961 literarum
1100 884 1138 959 δι
1156 886 1325 960 virtutum
1347 889 1554 962 ornamentis
1579 885 1728 985 iusigner
1746 887 1882 986 semper

687 1025 712 1061 n
737 987 828 1060 tulit.
877 987 931 1059 Ex
961 981 1088 1077 quibus
1119 979 1198 1056 cum
1221 985 1297 1056 vidi
1321 1005 1388 1079 ego
1417 982 1638 1082 &cognovi
1665 991 1879 1078 permultoS,

687 1122 712 1158 η
736 1101 812 1156 tum
829 1081 977 1156 maxime
993 1079 1173 1150 Hermanno
1199 1077 1321 1174 friſso,
1346 1081 1407 1174 qni
1422 1101 1512 1154 unus
1535 1079 1573 1152 &
1591 1084 1750 1177 corporis
1770 1081 1808 1154 δι
1827 1085 1880 1156 in·

685 1220 709 1256 2,
734 1180 828 1274 genii
857 1178 998 1252 dotibus
1025 1175 1224 1259 abundans,
1248 1173 1339 1250 visus
1365 1175 1413 1250 est
1436 1177 1538 1250 eriam
1564 1177 1660 1252 Italis
1684 1179 1879 1266 excellere,

686 1317 710 1352 η
736 1273 815 1350 usus
835 1274 906 1350 sum
956 1270 1223 1359 etfamiliariten
1251 1269 1402 1368 primurn
1430 1269 1600 1363 Perusrae,
1626 1275 1752 1347 deinde
1772 1277 1878 1350 etiam

685 1413 710 1449 η
735 1369 867 1472 in‚ipsa
893 1296 979 1443 urge
1006 1366 1146 1450 Roma,
1180 1369 1278 1465 cujus
1314 1391 1358 1441 ex
1391 1366 1578 1442 suavissima
1611 1369 1878 1460 consuetudine,

684 1509 710 1546 n
735 1465 868 1542 tametsi
894 1465 987 1540 haud
1002 1467 1108 1558 longa
1126 1461 1211 1560 (vix
1229 1465 1321 1538 enim
1345 1466 1382 1536 in
1413 1462 1546 1540 menses
1575 1487 1725 1562 quatuor
1749 1469 1882 1564 ingenii

685 1605 709 1642 n
735 1565 825 1636 iliius
861 1562 1057 1636 amoenitate
1092 1561 1192 1634 licuit
1226 1558 1389 1656 perfrui)
1422 1582 1503 1634 cum
1541 1558 1673 1636 summa
1698 1566 1881 1659 voluptate

683 1699 709 1738 n
734 1659 945 1734 uberrimum
975 1655 1053 1732 sane
1073 1651 1226 1730 fructum
1242 1659 1407 1752 percepi:
1434 1659 1492 1730 cui
1506 1659 1566 1729 vel
1584 1656 1632 1731 ob
1658 1660 1748 1747 hoc,
1766 1657 1881 1734 fateor

682 1795 708 1836 n
733 1779 753 1829 a
772 1779 826 1830 me
847 1757 1034 1850 plurimum
1057 1752 1198 1838 deberi,
1223 1753 1321 1848 quod
1337 1753 1395 1825 ilie
1420 1750 1542 1824 solitus
1558 1751 1608 1825 est
1624 1777 1717 1828 meas
1731 1755 1798 1830 erse
1817 1759 1879 1831 ali·

683 1894 707 1930 n
733 1853 819 1949 quid
838 1869 962 1948 putare
984 1871 1114 1944 nugas,
1140 1851 1178 1922 &
1202 1844 1473 1944 magnifacere,
1497 1866 1602 1941 atque
1627 1851 1787 1926 omnibus
1814 1856 1877 1932 mi·

683 1990 707 2026 υ
732 1946 831 2022 rifice
848 1944 1105 2022 commendare.
1154 1941 1383 2042 Quapropter
1403 1941 1428 2015 sr
1447 1962 1487 2030 tu
1502 1966 1646 2039 quoque
1660 1943 1697 2018 in
1716 1949 1876 2044 illagen·

683 2086 708 2123 n
732 2063 767 2118 te
789 2043 989 2120 nobiliffma
1007 2063 1097 2115 unus
1118 2060 1163 2115 ex
1184 2041 1305 2136 primis
1329 2065 1408 2127 me,
1432 2039 1528 2113 ultro
1558 2042 1743 2117 amicitiam
1757 2067 1875 2140 oppe-

680 2182 708 2218 η
731 2158 861 2215 tentem
880 2158 995 2226 tuam,
1027 2159 1097 2211 non
1121 2135 1232 2210 fueris
1259 2135 1483 2233 aspematus‚
1513 2135 1675 2232 proiecio
1699 2159 1767 2214 tarn
1791 2142 1878 2216 mihi

680 2279 706 2316 2,
731 2235 804 2334 ipse
820 2235 982 2332 gaudebo
993 2256 1048 2306 me
1065 2229 1204 2308 aucium
1223 2229 1290 2307 ess'e
1308 2237 1370 2308 tali
1394 2233 1528 2320 amico,
1553 2233 1659 2328 quim
1677 2259 1770 2311 nunc
1797 2259 1875 2333 gra·

682 2376 706 2413 υ
732 2334 825 2407 tulor
850 2334 978 2424 Georgia
994 2329 1135 2418 nostro,
1159 2331 1256 2426 quod
1270 2350 1305 2404 te
1318 2333 1434 2404 virum
1449 2346 1583 2403 tantum
1595 2328 1662 2406 suis
1678 2332 1834 2408 liberiso

682 2471 707 2510 „
731 2451 883 2525 portune
901 2423 1020 2500 nactus
1046 2424 1088 2501 fit
1106 2447 1385 2526 praeceptorem,
1417 2449 1459 2499 ac
1491 2451 1563 2500 non
1586 2431 1751 2517 mentiar,
1775 2428 1800 2501 fi
1852 2427 1875 2488 '-

682 2567 706 2604 η
731 2547 807 2599 carn
824 2526 965 2599 alterum
980 2545 1181 2618 parentem,
1205 2526 1267 2619 qui
1280 2542 1514 2618 praeterquam
1533 2523 1632 2618 quod
1654 2523 1871 2612 eruditione,

682 2664 706 2702 η
733 2621 845 2695 studio
862 2640 968 2714 atque
985 2621 1165 2716 diligentia
1192 2620 1268 2692 aliis
1285 2619 1447 2714 praestas,
1470 2638 1567 2691 certe
1587 2617 1656 2691 fide
1687 2620 1724 2694 δι
1752 2643 1873 2708 amore

681 2761 706 2797 „
731 2741 813 2814 erga
834 2719 846 2790 i
874 2713 938 2792 fius
957 2715 1086 2790 liberos
1111 2717 1210 2790 illum
1235 2712 1420 2810 adaequare
1435 2712 1577 2788 videris.
1624 2713 1733 2789 Hanc
1754 2717 1874 2814 itaque

679 2857 705 2894 η
729 2813 825 2983 {pem
839 2741 884 2887 se
905 2833 966 2902 te,
989 2809 1232 2907 &susceptam
1258 2833 1304 2883 nu
1333 2834 1371 2884 er
1386 2810 1573 2884 admodum
1592 2810 1822 2908 opinionem,
1846 2813 1874 2890 st

681 2953 706 2990 η
762 2907 878 2984 risrum
891 2929 926 2982 te
938 2906 1004 2984 effe
1024 2909 1218 2984 memineris
1232 2928 1274 2979 ac
1328 2929 1522 2994 ermanum‚
1547 2909 1618 2982 hoc
1639 2911 1688 2983 est
1700 2913 1867 3006 ingenio,

681 3050 707 3088 η
731 3007 770 3084 &
795 3005 955 3104 ingenuis
988 3007 1139 3092 artibus,
1173 3022 1276 3100 atque
1304 3005 1465 3078 omnibus
1503 3006 1723 3080 humanitatis
1748 3007 1871 3082 officiis

681 3147 706 3184 a,
732 3106 931 3186 excultum,
956 3103 1025 3175 tuis
1051 3103 1159 3176 literis
1184 3121 1269 3197 quas
1292 3101 1416 3174 isthinc
1439 3099 1542 3174 avide
1569 3101 1737 3197 expecto,
1759 3101 1872 3198 splen·

681 3243 706 3280 „
732 3200 812 3275 dide
828 3197 1058 3273 confirmabis.
1108 3196 1218 3293 Quod
1242 3216 1280 3268 ut
1293 3194 1427 3279 facias,
1451 3193 1623 3290 fipoteris
1644 3201 1760 3292 primo
1782 3223 1871 3296 quo-

680 3338 707 3388 „
732 3320 802 3391 que
817 3315 993 3392 ternpore,
1018 3314 1053 3370 te
1072 3295 1195 3382 etiam,
1221 3311 1325 3388 atque
1343 3295 1446 3366 etiam
1472 3315 1572 3387 rogo.
1623 3295 1787 3388 Georgium
1808 3297 1870 3369 Lo·

680 3437 706 3472 η
728 3415 804 3488 gum
830 3390 935 3464 credo
947 3389 1016 3484 jam
1040 3391 1174 3485 pridem
1196 3411 1268 3462 non
1287 3386 1396 3462 solium
1428 3409 1462 3464 te
1484 3385 1599 3474 nosse,
1623 3388 1682 3462 sed
1712 3391 1815 3464 etiam
1834 3395 1871 3466 in

682 3531 706 3568 ‚‚
731 3489 885 3570 intimam
905 3485 996 3560 illius
1028 3484 1213 3560 amicitiam
1248 3483 1451 3579 pervenisse.
1501 3483 1561 3558 Ad
1586 3507 1737 3582 unguem
1761 3485 1870 3564 satius

678 3626 707 3674 ,u
733 3586 840 3659 homo
873 3579 946 3666 est,
980 3603 1022 3654 ac
1053 3601 1181 3676 praeter
1214 3575 1379 3654 summam
1406 3581 1639 3656 eruditionem
1664 3583 1700 3656 δι
1732 3585 1871 3659 dicendi

681 3723 706 3760 η
730 3681 898 3776 gratiam,
929 3699 970 3751 ac
993 3678 1133 3773 copiam
1162 3673 1394 3786 fingularem,
1427 3678 1569 3772 ingenio
1600 3675 1809 3774 perfestivo,
1833 3685 1870 3754 in

572 3813 578 3822 ·
681 3820 707 3857 ‚‚
732 3773 884 3850 adverfis
909 3775 1011 3846 rebus
1029 3771 1144 3868 magni
1161 3775 1283 3853 animi,
1307 3769 1519 3846 infecundis
1542 3778 1745 3871 temperati,
1769 3799 1870 3872 pror·

682 3915 707 3951 n
731 3871 787 3946 sus
803 3869 963 3948 omnibus
981 3870 1018 3944 δι
1036 3865 1237 3942 Gratiarum
1255 3865 1293 3940 &
1309 3865 1488 3942 Musarum
1505 3871 1606 3945 donis
1624 3873 1750 3946 eximie
1770 3898 1872 3949 orna·

682 4011 708 4047 n
733 3987 812 4052 tus,
837 3965 897 4039 hic
913 3965 973 4039 vel
1002 3985 1093 4038 unus
1116 3985 1187 4036 non
1212 3961 1340 4038 Silesrae
1363 3967 1472 4041 modd
1493 3965 1637 4053 nostrae,
1660 3966 1718 4041 scd
1741 3971 1869 4060 etiam,

682 4104 708 4143 ‚,
732 4059 818 4135 abfit
832 4059 964 4134 invidia
980 4059 1113 4143 verbo,
1137 4059 1244 4135 totius
1269 4059 1470 4136 Germaniae
1491 4063 1667 4158 elegantes
1694 4061 1734 4137 δι
1759 4067 1869 4140 literis

682 4199 708 4238 n
732 4153 846 4253 probe
872 4153 1001 4234 tiustos
1028 4155 1186 4232 homines
1214 4153 1461 4254 usquequaque
1499 4160 1686 4234 antecellit.
1735 4159 1804 4234 Cui
1831 4183 1871 4236 tu

680 4296 706 4335 „
730 4253 815 4328 meis
829 4250 966 4339 verbis,
990 4253 1144 4351 itemque
1157 4249 1277 4325 liberie
1302 4250 1349 4326 D.
1374 4251 1572 4328 Hermanni
1588 4253 1766 4349 imperties
1782 4254 1872 4329 salu·

681 4391 707 4432 η
731 4370 814 4424 rem.
863 4345 960 4426 Bene
983 4349 1081 4435 vale,
1114 4341 1155 4420 dr
1174 4347 1329 4422 audaciae
1351 4347 1459 4432 hnic,
1483 4346 1544 4422 sed
1569 4347 1728 4422 humanae
1756 4371 1871 4426 tamen

680 4486 707 4524 ι,
728 4442 783 4622 gi,
791 4437 966 4639 oggigsaz
980 4442 1099 4546 qoaeso
1123 4441 1292 4542 ignoscat.
1340 4441 1399 4522 Ex
1423 4442 1584 4545 AEnipon
1607 4443 1690 4523 VIL
1715 4445 1872 4522 Febma·

679 4582 705 4626 11
905 4594 916 4621 e

1756 4633 1870 4714 EPI-
