4742 5814
697 612 784 734 a&
808 597 1043 716 VIGLII
1069 615 1138 698 Aa
1164 592 1425 696 AYTTA
1451 589 1840 700 ZUICHEMI

522 846 713 998 llll..
898 823 1410 930 norsronn
1464 821 1722 921 cxxx.

525 1010 710 1178 Μ
758 1043 1182 1152 norscono
1228 1023 1848 1141 nxnnnnrnnst

557 1303 662 1381 1543·
707 1284 781 1382 Dr
799 1277 999 1391 invasione
1020 1271 1241 1364 Gallorum
1262 1273 1306 1360 ln
1328 1267 1516 1392 Belgium
1542 1278 1606 1366 ori
1636 1280 1908 1394 trepidorum,

764 1408 823 1490 ira
845 1397 893 1483 de
922 1388 1093 1507 Caesoris
1123 1392 1304 1476 nuntiato
1325 1387 1504 1478 mento
1514 1389 1718 1591 [βψω
1735 1392 1907 1515 respiro

766 1533 866 1600 ram.
924 1503 998 1595 De
1016 1501 1130 1618 apolo
1155 1507 1256 1587 erico
1276 1497 1401 1615 Regis
1419 1501 1537 1622 episto
1554 1535 1593 1593 o.
1642 1501 1909 1602 Conmendo!

754 1625 805 1742 se
826 1619 1024 1738 Episcopo
1046 1621 1112 1730 eju
1130 1641 1207 1730 que
1221 1622 1403 1730 parenti.

709 1847 889 2019 Longa
916 1866 1037 1930 mora,
1062 1839 1221 1938 fellisque
1247 1839 1446 1917 rumoribus
1477 1839 1523 1917 de
1547 1843 1706 1922 casarea
1729 1845 1912 1944 Majestaee

804 1947 958 2044 populus
974 1940 1088 2014 noster
1099 1938 1193 2035 pene
1212 1939 1465 2028 consternatus,
1487 1942 1630 2016 tandem
1656 1961 1755 2020 certo
1785 1946 1911 2022 nuntio

708 2043 884 2120 adventus
908 2043 981 2134 cJ'us
992 2087 1005 2125 ,
1028 2036 1152 2110 mirum
1180 2035 1284 2129 quam
1314 2033 1479 2132 respirare
1504 2040 1661 2134 coeperit.
1711 2037 1786 2114 Etst
1817 2043 1911 2120 enim

711 2141 870 2234 undique
886 2138 1065 2230 cingamur
1083 2129 1264 2206 hostilibus
1291 2133 1426 2227 copiis,
1450 2154 1492 2208 ac
1511 2157 1640 2230 anceps
1658 2138 1914 2230 praliumrnr·

712 2233 770 2312 sus
794 2236 841 2309 ob
868 2229 1128 2324 Heinabergam
1152 2227 1366 2303 subeundum
1387 2225 1452 2303 fit:
1477 2248 1628 2304 attamen
1653 2231 1690 2306 &
1705 2235 1812 2306 animi
1839 2257 1911 2308 non

709 2354 840 2429 ‚parum
856 2327 1008 2412 accellrt,
1034 2322 1118 2396 &si
1161 2325 1221 2398 nid
1244 2323 1342 2398 secus
1369 2327 1546 2412 evenerit,
1569 2325 1766 2402 infortunio
1791 2327 1912 2404 nostro

712 2429 849 2504 facilins
868 2424 999 2499 mederi
1018 2417 1114 2516 poffe
1133 2349 1332 2518 Rrermus,
1357 2421 1470 2496 modo
1490 2441 1606 2496 tamen
1625 2425 1669 2498 ad
1695 2448 1760 2498 nor
1777 2427 1844 2499 iter
1854 2447 1911 2498 ac·

712 2523 884 2599 celeretie.
934 2517 1146 2594 Permultum
1170 2517 1263 2593 enim
1288 2519 1455 2592 momenti
1474 2521 1512 2591 in
1538 2538 1694 2617 tempore
1718 2517 1817 2594 litum
1841 2521 1913 2610 est,

714 2617 796 2694 ciam
815 2617 961 2691 hostiurn
979 2637 1164 2689 commune
1190 2611 1370 2686 confilium
1402 2613 1623 2712 studiumque
1646 2613 1711 2690 effe
1733 2616 1914 2708 videatur,

707 2735 756 2789 ‚nt
771 2735 958 2810 antequam
976 2707 1091 2785 Caesar
1107 2709 1411 2795 advenerimeain
1427 2707 1570 2805 Belgica
1585 2711 1698 2786 nostra
1715 2733 1803 2786 occu
1832 2734 1914 2802 ent,

708 2812 922 2907 inquorum
950 2805 1215 2901 recuperatione
1237 2807 1332 2885 vires
1362 2803 1495 2882 donne
1521 2809 1582 2880 ille
1612 2807 1689 2884 suas
1722 2833 1789 2884 oon
1806 2830 1911 2888 urnat.

706 2908 831 3004 Quod
848 2904 872 2980 fi
889 2905 977 2981 vero
988 2901 1092 2978 rebus
1112 2902 1170 2974 hic
1184 2900 1285 2976 salvis
1300 2899 1531 2998 inoegrlsqno,
1555 2901 1631 2978 suas
1648 2909 1769 3000 copias
1786 2907 1911 2980 nostris

705 3002 855 3079 mature
880 3005 1019 3096 'ungere
1041 3015 1165 3093 queat,
1192 2997 1355 3072 Clivense
1378 2998 1509 3070 belham
1539 3003 1613 3074 cito
1638 2998 1835 3076 consolium
1867 3002 1912 3076 iri

576 3189 578 3194 Ι
714 3099 838 3198 spero,
864 3029 903 3172 ὲι
934 3121 977 3174 eo
1004 3117 1146 3204 quoqne
1175 3093 1282 3188 Angli
1309 3097 1493 3168 alacriores
1518 3119 1630 3170 erunt.
1677 3098 1913 3195 Apologetica

714 3199 776 3274 illa
794 3195 910 3290 ¹Regis
936 3191 1011 3288 (1)
1038 3190 1179 3286 epistola
1204 3212 1260 3264 tor
1282 3187 1439 3264 conferta
1467 3193 1652 3280 convitiis,
1677 3217 1720 3268 eo
1752 3214 1914 3290 tempore

715 3293 803 3368 milti
817 3291 931 3363 oblata
947 3287 997 3360 est
1017 3287 1183 3381 legenda,
1209 3308 1281 3380 qno
1295 3286 1332 3360 id
1348 3287 1384 3360 in
1400 3287 1544 3360 latinum
1564 3289 1787 3383 redigebam,
1814 3292 1913 3384 qnod

706 3389 762 3461 ‚ab
779 3385 899 3460 illustri
923 3383 1078 3456 Domino
1105 3379 1180 3477 (a)
1203 3382 1246 3454 de
1270 3385 1410 3458 violatis
1430 3383 1577 3456 induciis
1609 3407 1822 3478 conceptum
1849 3383 1913 3459 est.

714 3481 840 3578 Itaque
859 3503 931 3554 non
949 3477 1051 3575 potui
1072 3494 1286 3572 temperare,
1310 3481 1396 3575 qoin
1413 3475 1450 3552 &
1466 3481 1501 3550 in
1516 3478 1613 3550 illum
1628 3475 1734 3552 *stilus
1749 3503 1913 3558 excurre·

714 3597 780 3655 ret.
812 3576 856 3650 Id
870 3597 987 3651 autem
998 3569 1180 3646 Praesrdem
1205 3571 1280 3670 (3)
1303 3575 1531 3670 Antverpiam
1544 3577 1654 3670 praelo
1669 3577 1913 3652 excudendum

716 3672 837 3751 mifill'e
848 3694 947 3772 puto.
997 3669 1054 3744 De
1070 3670 1205 3744 caeteria
1222 3671 1373 3766 publicis
1391 3669 1604 3767 privatisque
1622 3673 1725 3748 rebus
1745 3675 1849 3748 latius
1867 3674 1914 3746 ad

716 3774 859 3848 Navium
885 3767 956 3866 (4)
981 3763 1118 3862 scripfi,
1143 3787 1223 3839 cum
1248 3790 1320 3861 quo
1334 3763 1636 3842 Reverendlffimae
1652 3767 1699 3842 Ι).
1725 3767 1772 3856 V,
1797 3771 1913 3843 omnia

716 3867 914 3947 communia
937 3859 1003 3940 effe
1028 3861 1150 3938 solent.
1198 3861 1325 3960 ltaque·
1353 3863 1441 3938 nihil
1465 3861 1515 3938 est
1540 3887 1632 3964 opos
1661 3866 1912 4038 prolixiloribns

1802 3981 1917 4038 itteris

759 4133 829 4316 εἰ
844 4130 960 4300 gfff
979 4131 1437 4305 ffifflffllfssm
1458 4216 1634 4288 Perremrto
1656 4215 1915 4305 Grrnvellano‚

718 4299 1190 4558 ”liliam
1205 4381 1769 4544 plantinianae

1109 4523 1110 4526 ,
1192 4511 1206 4553 ,
1899 4550 1902 4556 ¹
