4882 5804
555 585 750 689 uursr.
779 577 1087 682 suuucrru
1124 601 1191 671 nn
1230 577 1565 724 utvunson
1598 612 1710 714 ,ιη

480 771 680 855 monefacit.
730 762 886 840 Proinde
901 767 1019 844 multo
1042 764 1168 840 melior
1190 757 1241 854 est
1259 759 1487 844 studiosorum
1512 765 1533 809 ⁴
1556 765 1679 848 dudio·
1718 816 1736 860 a
1748 815 1830 899 sm,

479 897 556 948 rum
579 866 760 947 hominum
794 865 899 959 quim
923 883 1132 954 caeterorum
1155 859 1334 951 conditio,
1359 863 1420 958 qui
1446 885 1490 936 er
1520 863 1676 944 libris&
1709 894 1855 976 ΜΡΝ,

476 967 628 1044 lediione
654 955 970 1054 Philosophorum,
996 957 1147 1034 remedia
1172 953 1237 1029 fibi
1258 979 1382 1054 parare
1407 957 1566 1054 possunt,
1595 959 1676 1040 curu
1716 991 1864 1046 mmo.

478 1069 606 1162 vulgus
631 1059 717 1134 nihil
736 1053 949 1152 habeatque
969 1053 1004 1128 se
1030 1053 1248 1143 consoletur,
1307 1053 1385 1128 uim
1416 1057 1612 1154 lachrymas
1637 1063 1676 1140 δι
1984 1071 1988 1076 “

476 1160 679 1259 planetum,
704 1151 779 1228 miti
806 1153 965 1226 irienim
982 1147 1252 1237 malurncredit,
1277 1078 1549 1226 iiinastantium
1565 1154 1676 1232 finum
1731 1196 1735 1204 ·
1771 1161 1773 1164 ’
1841 1163 1851 1178 “

478 1259 620 1356 suspiria
634 1253 766 1348 suaper
786 1247 902 1324 undat.
955 1244 1154 1342 Quorsum,
1178 1245 1314 1342 inquis,
1347 1248 1463 1325 istud?
1490 1249 1674 1340 Quoniam

479 1358 528 1430 mi
545 1355 690 1436 Cbolrrr,
714 1344 794 1422 etim
811 1345 970 1442 corporis
987 1341 1028 1418 iit
1046 1341 1310 1418 immedicabilis
1332 1347 1496 1435 morbus,
1521 1350 1673 1424 animum
1725 1342 1728 1348 ’

479 1471 593 1527 tamen
608 1449 745 1544 semper
758 1441 942 1516 sanabilem
958 1434 1024 1515 esse
1037 1441 1184 1536 cogites.
1210 1437 1311 1529 Quid
1327 1463 1412 1538 ergo
1428 1441 1551 1530 restat,
1567 1446 1672 1543 quim

478 1569 519 1624 ut
535 1551 652 1622 animo
675 1563 791 1617 tecum
815 1537 958 1613 subinde
980 1556 1143 1634 reputes,
1167 1537 1347 1630 quomodo
1364 1559 1398 1611 te
1421 1541 1584 1616 adversus
1604 1541 1673 1619 Po·
1821 1625 1828 1634 ,

479 1641 786 1743 dagraecruciaurs
806 1633 943 1711 armes?
968 1633 1017 1708 Et
1042 1633 1143 1707 multi
1166 1631 1248 1706 sane
1277 1631 1348 1708 sola
1373 1633 1585 1714 assuetudine
1608 1643 1672 1716 do-
1820 1639 1822 1646 ’

475 1745 567 1818 lorea
596 1761 719 1816 omnes
750 1732 854 1809 semel
887 1752 1109 1807 contemnere
1148 1730 1354 1804 didicerunt.
1403 1732 1523 1808 Multa
1552 1759 1671 1812 autem

473 1839 590 1940 pallam
610 1838 648 1910 in
667 1831 886 1928 Sapientiam
900 1828 999 1902 libris
1016 1826 1082 1902 hac
1096 1828 1139 1901 de
1160 1852 1196 1901 re
1210 1825 1339 1921 scripta
1353 1849 1566 1917 occurrunt,
1590 1856 1672 1930 quae

474 1951 587 2034 neque
613 1935 790 2014 recitare,
824 1949 939 2023 neque
964 1919 1235 2000 commonstrare
1257 1923 1324 1998 tibi
1348 1947 1437 2020 opus
1462 1926 1598 2018 habeo,
1625 1953 1671 2006 ne

475 2035 564 2108 illud
581 2031 701 2104 tritum
720 2021 879 2111 audiam,
900 2021 957 2097 sua
976 2021 1184 2095 Minervam.
1237 2017 1351 2095 Porro
1369 2025 1465 2098 nulla
1482 2025 1590 2122 major
1606 2029 1671 2103 tibi

475 2125 669 2204 consolatio
682 2118 748 2198 esse
763 2119 886 2202 debet,
910 2116 1015 2213 quim
1030 2111 1067 2190 in
1087 2117 1155 2191 tuis
1175 2118 1386 2204 virtutibus,
1406 2144 1486 2219 quae
1515 2142 1549 2196 te
1574 2125 1671 2219 apud

477 2247 597 2300 omnes
612 2219 755 2295 ordines
787 2211 974 2311 gratiosum
995 2211 1139 2286 iaciunt.
1190 2211 1292 2302 Quid
1314 2215 1407 2288 enim
1432 2218 1670 2317 dicamquan·

475 2345 549 2398 tum
565 2319 715 2394 fructum
738 2311 934 2408 voluptatis
961 2334 1006 2384 ex
1033 2309 1234 2384 eruditione.
1250 2309 1473 2399 tuareseras,
1497 2312 1545 2388 ob
1564 2340 1669 2414 quam

438 2452 440 2456 ·
472 2418 569 2517 apud
592 2435 713 2491 ornnes
737 2411 859 2485 destos
882 2409 918 2498 in
937 2428 1064 2504 magno
1083 2429 1120 2478 es
1139 2405 1291 2500 praetio‘i
1317 2405 1416 2502 Quid
1434 2407 1458 2481 fi
1475 2429 1510 2484 te
1526 2435 1670 2510 rogem,

472 2517 568 2593 hisne
585 2513 683 2588 malis
708 2529 827 2582 carere
846 2506 1005 2601 gaudiis,
1031 2525 1075 2575 an
1097 2504 1166 2576 illis
1191 2503 1398 2580 doloribus?
1432 2504 1543 2581 Haud
1573 2512 1672 2606 equi·

472 2618 553 2692 dem
569 2608 740 2691 arbitror,
765 2602 927 2698 corporis
942 2619 978 2674 te
995 2595 1175 2674 sanitatem
1191 2603 1294 2674 tantis
1310 2601 1415 2674 animi
1429 2603 1530 2678 bonis
1541 2611 1670 2702 praela·

471 2733 599 2790 turum.
650 2703 752 2778 Adde
779 2701 876 2796 quod
908 2719 1025 2792 neque
1056 2696 1242 2771 continuus
1273 2697 1322 2771 est
1358 2699 1525 2788 morbus,
1551 2726 1669 2798 neque

472 2802 693 2900 adeogravis
715 2793 782 2874 effe
800 2795 913 2892 potest
938 2817 1018 2868 curn
1051 2785 1095 2866 snt
1121 2795 1261 2890 longus.
1309 2792 1383 2868 Scis
1406 2797 1499 2870 enim
1527 2796 1615 2874 illud
1639 2797 1666 2876 u

467 2902 567 2982 nodie
578 2896 719 2974 memini
733 2892 934 2968 Stoicorum
947 2945 957 2978 ,
966 2887 999 2983 st
1013 2889 1122 2984 longus
1137 2891 1213 2962 leuis
1222 2941 1234 2978 ,
1251 2885 1286 2984 st
1297 2895 1409 2986 grauis
1423 2893 1535 2968 breuis.
1563 2894 1670 2992 Quid

470 3022 588 3078 autern
616 2995 682 3068 tibi
706 2992 748 3066 ad
774 2985 987 3062 soelicitatcm
1009 2981 1158 3074 deelset,
1183 2983 1208 3058 st
1234 2988 1346 3060 hocce
1375 2985 1468 3060 inalo
1494 2989 1675 3068 liberatur

470 3097 578 3174 esser?
604 3091 724 3188 ErgO,
750 3087 797 3160 mi
830 3086 977 3166 curun,
1009 3081 1127 3178 cogita
1158 3083 1250 3156 hanc
1280 3085 1542 3159 amaritudinem
1573 3086 1666 3166 inter

468 3216 544 3276 cot,
569 3191 681 3265 atita
707 3183 841 3270 dicam,
867 3180 1035 3255 dulciaria
1065 3178 1299 3254 devorandam
1337 3179 1401 3256 tibi
1424 3180 1501 3256 elle.
1552 3183 1665 3280 Quod

466 3289 552 3367 mihi
570 3286 615 3360 de
630 3285 743 3360 isthoc
757 3281 991 3378 qualicunque
1003 3273 1190 3372 profitendi
1200 3299 1342 3350 munere
1349 3279 1533 3446 pratularis
1548 3279 1672 3360 habeo

462 3387 625 3485 gratiam.
674 3375 806 3454 Nescio
832 3371 915 3450 sane
942 3394 1172 3470 quantarum
1196 3375 1323 3446 laude:
1365 3375 1409 3447 ed
1441 3399 1670 3455 tamencum

467 3485 583 3581 aliqua
599 3501 676 3553 mea
685 3475 852 3561 utilitate,
878 3471 947 3546 hoc
958 3493 1099 3546 munere
1115 3463 1278 3542 haiienus
1296 3467 1433 3544 sununs
1449 3473 1540 3562 sum,
1566 3500 1664 3572 quae-

467 3604 538 3681 que
554 3577 659 3653 docui
669 3571 789 3647 seduld
809 3569 993 3656 annotavi,
1017 3585 1057 3640 ut
1072 3561 1096 3636 sr
1112 3563 1238 3638 releua
1258 3567 1445 3662 aliquando
1459 3571 1661 3664 placerent,

466 3681 576 3757 edere
590 3668 736 3770 possem.
784 3663 878 3738 Nam
897 3663 969 3741 fato
983 3663 1135 3759 quodam
1156 3659 1415 3736 Institutionum
1445 3665 1532 3737 mihi
1557 3691 1664 3765 argu·

466 3795 620 3850 mentum
640 3767 797 3840 oblatum
815 3759 1113 3848 fuit,.videlicet,
1136 3779 1176 3831 ut
1200 3782 1327 3856 graecae
1355 3782 1410 3833 me
1433 3783 1557 3836 autore
1575 3787 1661 3860 pro·

465 3877 602 3956 dirent,
628 3861 667 3942 dt
688 3861 813 3940 latinas
838 3855 1026 3952 profiterer
1053 3851 1197 3952 publice
1222 3879 1266 3929 ac
1302 3855 1489 3958 privatim,
1526 3859 1598 3936 &i
1626 3859 1661 3936 st

462 3969 579 4052 nescio
597 3958 683 4056 quid
699 3958 784 4034 olim
799 3956 893 4030 haud
913 3952 1058 4026 dillimili
1077 3973 1279 4048 argumento
1309 3953 1354 4024 de
1372 3885 1624 4054 institutionei
1644 4001 1664 4020 .

460 4050 944 4142 risconsulticohscriberem:
971 4050 1068 4146 quod
1095 4068 1209 4123 tamen
1241 4044 1357 4123 nescio
1390 4072 1434 4122 an
1468 4054 1573 4127 edere
1599 4080 1660 4132 au·

460 4165 580 4246 deam,
606 4149 706 4230 velli
727 4151 776 4223 ita
799 4149 885 4225 mihi
910 4146 1097 4241 aliquando
1127 4145 1243 4244 animo
1271 4141 1416 4229 sederit,
1440 4148 1478 4220 in
1509 4148 1662 4248 dialogis

462 4255 652 4333 reformare
664 4244 853 4330 constitui,
876 4242 940 4318 scis
959 4243 1050 4319 enim
1065 4237 1112 4314 iic
1127 4242 1207 4335 plus
1222 4241 1345 4336 gratiae
1357 4237 1485 4330 inesse,
1510 4241 1549 4317 dt
1565 4251 1661 4343 peri-

456 4357 534 4430 culi
551 4342 792 4436 mioue,ci1m
816 4337 960 4418 diverse
981 4337 1160 4415 sententiae
1188 4333 1331 4410 diversis
1357 4338 1548 4414 rationibus
1574 4365 1661 4438 pro·

466 4445 712 4552 ponipuffio't,
736 4443 782 4518 de
796 4439 1002 4550 ,bocplura
1025 4434 1214 4536 aliquando
1240 4453 1355 4509 tecum
1376 4433 1553 4534 praesens,
1578 4462 1660 4514 nani

1418 4551 1421 4557 ·
1545 4556 1665 4610 meum
