4680 5828
302 3247 312 3255 ’
447 3249 638 3350 disciplinae
663 3247 849 3324 comitibus
872 3247 1013 3343 egregie
1039 3247 1215 3328 satisfacit.

530 637 768 749 IEPlsT.
799 643 1107 747 SELEGTAE
1134 655 1566 780 AD0··D[VERSOS.
1598 705 1676 792 123
1820 597 1821 601 ‘

471 837 543 914 una
566 855 603 912 te
625 823 1004 932 pradimmcuqnovb
1026 831 1215 940 impendia
1233 834 1283 912 est
1297 839 1470 935 reperire.
1512 844 1675 930 Civilitaa

471 936 559 1010 verd
582 926 789 1005 humanitem
809 927 872 1022 est.
912 925 1065 1038 ..Omma
1097 931 1188 1006 mim
1216 932 1469 1020 homines-fere
1486 939 1614 1021 honori
1632 951 1671 1028 ἀ

468 1032 593 1128 gratiae
607 1025 818 1109 inservienti
841 1023 880 1100 δι
896 1023 1021 1100 officim
1039 1027 1202 1123 inprimis
1216 1035 1407 1112 miciliae
1421 1031 1486 1112 libi
1511 1037 1671 1142 benigni·

464 1149 571 1203 tatem
603 1126 776 1221 cupiunt:
799 1119 859 1196 sed
883 1122 946 1218 qui
972 1123 1044 1198 hoc
1060 1121 1128 1200 ess'e
1144 1123 1329 1218 studeant,
1351 1132 1450 1228 qaod
1468 1136 1583 1214 videri
1604 1166 1669 1219 vo·

462 1227 562 1314 lunt,
587 1241 630 1295 ae
655 1243 727 1295 non
746 1237 790 1294 ex
804 1217 866 1292 suo
888 1216 974 1310 usu,
995 1217 1054 1292 sed
1071 1243 1118 1296 ex
1132 1223 1249 1300 anino
1264 1245 1420 1306 amorem
1441 1251 1667 1332 comparent,

463 1323 609 1396 rariores
632 1317 712 1392 sunt
739 1314 847 1413 quim
873 1313 939 1412 (ut
962 1317 1021 1390 ille
1046 1318 1189 1416 inquit)
1213 1319 1417 1400 Thebarum
1440 1349 1564 1424 porta.
1591 1333 1664 1432 (a)

465 1417 553 1509 Quo
564 1415 674 1512 major
689 1414 881 1510 justiorque
899 1408 950 1487 est
963 1409 1087 1502 causa,
1099 1437 1207 1512 quare
1228 1436 1303 1496 ate
1322 1422 1429 1496 amari
1439 1445 1579 1523 optem,
1604 1435 1666 1528 qui

461 1509 902 1594 tuambeneuolentiam,s
922 1529 1063 1586 nceram
1080 1507 1120 1586 dr
1134 1513 1254 1590 multia
1267 1515 1410 1592 dotibus
1423 1525 1663 1604 drnatiffimam

461 1609 529 1684 ess'e
548 1609 664 1683 sciam.
714 1607 867 1700 Qualem
942 1601 1061 1682 fratris
1079 1609 1133 1682 tui
1148 1611 1308 1706 quotidie
1335 1635 1462 1711 magna
1477 1622 1562 1695 volu
1590 1644 1661 1700 tate

460 1709 643 1804 experior,
668 1724 708 1778 ut
727 1705 764 1779 dr
787 1703 846 1776 hic
871 1701 957 1777 vere
980 1725 1047 1778 vor
1070 1703 1138 1780 ess'e
1163 1730 1347 1804 germanm
1371 1712 1514 1808 liqueat.
1607 1745 1660 1798 aee

456 1806 545 1880 'verri
572 1803 709 1876 amandi
732 1798 812 1874 satir
841 1821 966 1895 magna
979 1800 1029 1874 est
1049 1799 1168 1878 causa:
1191 1806 1399 1882 verum‘illa
1419 1811 1469 1885 est
1487 1814 1590 1890 etiam
1621 1821 1658 1891 in

455 1901 640 1998 praesentia
663 1897 861 2008 scriuendi,
895 1896 995 2065 quoi
1016 1919 1080 1987 te,
1110 1899 1321 2073 Ιίῗιῆωὲςη
1345 1904 1522 2018 literarum
1548 1911 1657 2026 casira

361 2165 373 2192 .
456 1995 1110 2202 illillledllilulll
1123 2019 1248 2168 irad
1261 2005 1656 2208 llllllimfflll

457 2209 574 2264 tarunt
596 2185 669 2282 (3)
693 2207 884 2258 memorem
911 2203 947 2259 te
971 2184 1118 2260 subinde
1144 2187 1212 2264 effe
1230 2188 1431 2272 existimem.
1482 2199 1541 2274 Ex
1565 2226 1652 2298 quo·

454 2307 532 2361 rum
550 2303 695 2358 numero
712 2279 792 2356 cium
809 2279 868 2352 sim
893 2282 931 2357 &
949 2305 1041 2376 ego,
1065 2282 1153 2358 boni
1173 2303 1210 2359 te
1236 2286 1475 2367 consulturum
1495 2299 1650 2390 credidi,

453 2381 649 2481 li.epistola
669 2381 812 2474 aliqua,
846 2380 943 2473 quod
968 2401 1009 2451 tu
1033 2401 1101 2475 per
1131 2401 1168 2466 te
1190 2379 1308 2470 facia,
1340 2408 1381 2462 ut
1402 2389 1577 2472 lubentius
1600 2396 1651 2472 fa·

452 2481 548 2565 cias,
574 2479 611 2553 &
632 2475 748 2551 facere
771 2495 926 2570 pergas,
958 2493 995 2548 te
1016 2476 1232 2556 admoneam.
1292 2481 1450 2568 Fratrem
1473 2496 1561 2568 verd
1590 2495 1650 2568 Ul.

451 2579 592 2658 urium,
617 2573 680 2649 ubi
702 2573 762 2646 hic
784 2573 932 2667 propius
961 2569 1057 2648 nolle
1081 2577 1193 2674 coepi,
1219 2581 1312 2676 coepi
1334 2577 1434 2658 simul
1455 2585 1493 2662 δι
1520 2588 1648 2666 ardiiua

448 2669 630 2770 ampleffl,
642 2670 818 2764 doleoque
835 2671 932 2743 iilum
950 2669 1037 2744 mihi
1051 2693 1122 2746 non
1139 2695 1241 2770 aeque
1255 2697 1358 2752 antea
1373 2684 1552 2778 cognitum
1569 2686 1649 2762 iuis·

448 2768 512 2857 se,
546 2769 584 2846 δι
607 2785 702 2840 tanta
723 2767 907 2860 voluptate
932 2769 1116 2862 praeterito
1145 2787 1306 2868 tempore
1336 2777 1507 2864 carnide,
1540 2809 1645 2882 quam

446 2889 543 2942 nunc
565 2863 773 2940 uberrimam
792 2884 836 2934 ex
857 2859 962 2958 ipsius
986 2863 1236 2942 consuetudine
1252 2872 1427 2968 percipio.
1476 2875 1646 2957 Utomit·

444 2981 516 3038 tam
537 2963 631 3036 enim
651 2979 787 3032 morum
803 2955 1025 3047 suavitatem,
1050 2962 1157 3036 animi
1181 2969 1392 3058 candorem,
1423 2976 1584 3051 amicitiae
1605 2977 1645 3052 fi·

446 3061 550 3146 dem,
573 3053 762 3154 plurimim
778 3076 834 3128 me
852 3055 1031 3149 diligentia
1046 3054 1150 3153 ipsius
1165 3057 1337 3155 oblectat,
1361 3091 1432 3162 qua
1447 3093 1517 3143 non
1533 3076 1642 3152 modd

445 3155 520 3254 juri
544 3153 674 3239 Civili,
699 3149 758 3227 sed
781 3152 888 3224 literis
908 3151 1032 3237 etiam,
1058 3153 1442 3330 dulciiimirssriavioris
1460 3167 1641 3264 cuiussibet

1317 3255 1431 3354 sputat
1451 3267 1544 3340 enim
1570 3271 1639 3347 uni

446 3373 519 3426 non
538 3347 645 3422 modd
672 3343 888 3419 lubenter&
915 3343 1029 3420 amice
1040 3397 1052 3433 ‚
1076 3347 1135 3422 sed
1158 3351 1263 3424 etiam
1283 3355 1387 3431 acute
1408 3356 1448 3432 dr
1470 3361 1575 3439 doiie
1593 3370 1637 3442 de

446 3443 656 3522 difficillimis
682 3438 875 3536 quibusque
893 3440 1010 3536 legum
1033 3443 1293 3540 quaestionibus.
1342 3453 1484 3531 Aenon
1501 3461 1637 3540 tantum
1770 3527 1774 3536 ,

444 3566 499 3618 me
518 3536 765 3616 tardiusculam
785 3536 915 3610 excitat
926 3539 1153 3636 plerumque,
1177 3541 1236 3617 sed
1249 3548 1352 3628 etiam
1361 3572 1635 3653 nonnunquam,

443 3639 482 3714 δι
497 3659 620 3734 parum
645 3654 833 3706 memorem
863 3653 1013 3722 monet,
1046 3639 1084 3712 δι
1113 3659 1282 3714 errantem
1309 3644 1345 3715 in
1361 3649 1465 3722 ‘viam
1489 3657 1634 3732 reducit.

441 3734 545 3832 Quid
564 3727 682 3829 quaeso
699 3729 760 3802 tali
789 3723 1036 3808 censuetudine
1053 3732 1259 3829 jucundius,
1285 3741 1446 3818 utiliusve
1465 3745 1532 3824 eise
1555 3751 1635 3847 pos·

439 3833 509 3910 sit?
533 3829 589 3904 Ac
606 3825 744 3924 gaudeo
760 3846 816 3897 me
834 3825 937 3898 etiam
953 3825 1083 3905 habere
1100 3831 1137 3905 in
1155 3855 1199 3907 eo
1215 3839 1432 3931 exemplum,
1450 3850 1545 3940 quod
1562 3849 1631 3938 eis,

437 3932 502 4032 qui
520 3948 609 4003 meae
635 3945 730 4002 curae
749 3921 912 3997 commiffi
926 3921 1024 4014 sunt,
1046 3947 1253 4026 proponam.
1303 3933 1387 4009 Nec
1414 3937 1507 4016 deest
1525 3945 1630 4022 etiarn

1529 4041 1634 4124 robis

477 4180 541 4272 (a)
563 4179 706 4276 Rariores
717 4174 809 4265 quim
823 4172 989 4273 Tdebarum
998 4177 1114 4332 prrtaed]
1134 4179 1266 4252 Thebae
1280 4202 1406 4284 nempe
1424 4191 1460 4259 in
1472 4195 1626 4284 AEgypta

434 4282 579 4338 centum
598 4277 708 4349 portis
730 4259 1013 4349 lueremfignes,
1033 4281 1080 4330 un
1107 4283 1128 4332 e
1144 4265 1182 4336 dr
1201 4267 1276 4336 haec
1292 4275 1413 4342 civitas
1432 4277 1625 4352 Hecatom·

432 4351 534 4440 pyloa
554 4367 599 4416 co
624 4345 800 4414 nominata
826 4343 903 4414 fuit.
947 4345 989 4416 V.
1011 4347 1086 4417 Car.
1106 4345 1142 4416 St
1175 4350 1205 4420 b.
1223 4357 1256 4416 ln
1275 4351 1361 4425 Diti.
1379 4357 1480 4442 bellur.

473 4433 538 4522 (3)
560 4431 582 4500 S
637 4429 739 4528 lisdem
773 4427 898 4532 ellibrul
914 4366 1269 4514 quddmdmiuma
1292 4455 1433 4525 operam
1449 4443 1546 4519 llmul
1562 4449 1625 4538 de,-

428 4517 545 4590 derlnt
564 4517 602 4587 in
620 4513 733 4588 Gallia
766 4513 811 4584 ub
827 4511 958 4586 marro.
1273 4531 1314 4554 *-

989 4595 1075 4697 Qa
