4680 5828
643 711 734 792 oso
763 681 1008 794 viuum
1034 701 1101 780 m
1128 675 1390 781 AYTTA
1414 663 1790 788 zulemam

652 909 697 968 su
718 877 851 985 aliquid
867 878 1043 959 nanciscar
1060 879 1086 956 fi
1102 881 1145 956 de
1162 880 1319 958 editione
1338 881 1434 978 apud
1452 881 1532 960 istos
1548 885 1638 960 nihil
1653 887 1858 964 meminero

654 984 784 1064 Habeo
799 1001 913 1058 autem
938 983 1137 1055 innumeras
1151 980 1190 1055 δι
1208 1002 1281 1052 non
1299 983 1570 1058 contemnendas
1594 982 1858 1078 emendationes

654 1084 694 1158 in
711 1081 884 1178 Epistulas
903 1080 1066 1152 Ciceronis
1090 1077 1136 1151 ad
1161 1077 1328 1163 Atticum,
1350 1079 1625 1153 communicatas
1649 1081 1735 1153 mihi
1754 1078 1860 1152 a'stu2

659 1176 761 1255 dioso
783 1177 946 1273 quodam.
995 1172 1067 1248 Eas
1089 1173 1249 1250 lubenter
1275 1172 1340 1246 tibi
1367 1173 1521 1260 tradam,
1546 1174 1671 1250 acubi
1698 1175 1859 1248 nuntium

495 1349 501 1358 ,
659 1275 775 1369 magis
799 1290 934 1349 certum
961 1269 1120 1344 habuero
1143 1269 1188 1342 ad
1215 1289 1250 1340 te
1273 1269 1427 1357 mittam,
1447 1269 1614 1366 daboque
1637 1273 1756 1349 sedulo
1777 1292 1862 1367 ope·

660 1393 759 1458 sam,
784 1391 844 1459 ut,
869 1363 893 1439 fi
919 1389 989 1462 qua
1013 1367 1149 1439 ratione
1165 1363 1286 1461 poffim
1298 1413 1311 1452 ‚
1334 1367 1401 1441 alia
1428 1367 1617 1444 nanciscar.
1667 1369 1729 1442 Tu
1754 1366 1862 1442 modo

660 1464 816 1563 fignifica
829 1465 927 1539 'intra
942 1463 1038 1560 quod
1054 1480 1192 1558 tempus
1208 1459 1352 1536 debeam
1363 1463 1525 1551 mittere,
1550 1462 1678 1561 liquid
1692 1463 1863 1538 habuero.

658 1561 828 1660 ‘Expecto
840 1561 944 1637 etiam
959 1561 1119 1656 ateqaid
1130 1559 1173 1631 de
1184 1554 1459 1634 Institutionibus
1475 1561 1697 1657 gtaecisvelis
1708 1583 1764 1634 me
1774 1557 1867 1634 lace-

667 1685 718 1735 re.
756 1657 874 1754 Cupio
888 1656 980 1729 enim
1001 1673 1057 1730 eat
1073 1659 1109 1730 in
1123 1656 1238 1730 lucem
1254 1655 1431 1747 emitaese,
1450 1657 1488 1733 δι
1501 1658 1661 1754 inprimis
1677 1679 1720 1732 ex
1737 1655 1867 1734 celebri

669 1757 785 1850 aliqua
803 1753 941 1826 officina
960 1751 1116 1846 prodire.
1156 1745 1404 1826 Praefationem
1421 1753 1524 1826 statui
1539 1751 1791 1848 longiusculam
1807 1753 1867 1826 ad·

670 1853 773 1934 dere,
799 1851 871 1945 qud
888 1849 1072 1923 utilitatem
1088 1849 1205 1943 operis
1224 1850 1483 1938 commendem,
1508 1849 1546 1925 δι
1565 1851 1609 1922 ad
1633 1847 1868 1944 conquirenda

671 1969 866 2044 gtaecorum
884 1943 1128 2020 commentaria
1145 1944 1181 2016 in
1195 1941 1260 2112 ¹Ius
1281 1944 1456 2034 nostrum,
1479 1945 1615 2020 Latinis
1629 1944 1724 2022 hisce
1743 1943 1870 2019 nostrie

671 2042 781 2140 longi
804 2041 1027 2137 antiquiora,
1062 2037 1192 2114 Studio
1207 2060 1248 2115 os
1276 2044 1455 2116 cohorter.
1512 2041 1572 2116 De
1602 2041 1782 2118 Methodo
1807 2061 1869 2115 ex·

673 2140 780 2236 peilo
802 2159 841 2213 us
859 2139 996 2234 plenius
1026 2133 1221 2224 rescribas,
1253 2135 1357 2233 acque
1389 2140 1493 2212 etium
1519 2162 1620 2236 rogo.
1667 2137 1750 2234 Ego
1777 2139 1871 2213 enim
2008 2159 2011 2166 ·

674 2239 780 2312 valde
802 2233 888 2309 scire
905 2234 1030 2330 cupio,
1055 2233 1093 2308 &
1109 2231 1194 2328 quid
1210 2229 1252 2306 fit
1269 2233 1484 2324 Methodus,
1510 2233 1548 2310 δι
1569 2255 1639 2332 qua
1651 2236 1711 2308 via
1733 2237 1872 2309 adeam

667 2363 670 2370 ·
723 2333 859 2408 svenire
884 2331 1066 2442 polimus,
1089 2330 1149 2404 vel
1171 2329 1354 2446 quomodo
1377 2330 1422 2405 ad
1446 2327 1555 2428 ipsam
1581 2327 1782 2406 immensum
1802 2331 1874 2406 hoc

496 2403 647 2544 zm?
672 2355 735 2525 iiis
762 2429 914 2502 nostrum
941 2425 1063 2524 redigt.
1111 2425 1168 2538 A..
1182 2425 1380 2520 Epiosmm,
1413 2449 1521 2539 utque
1544 2429 1665 2524 Agnini
1686 2428 1708 2470 ⁴¹
1731 2447 1767 2502 te
1784 2423 1888 2501 resa--

499 2575 617 2635 mm,
679 2531 801 2600 lutam.
851 2521 947 2596 Bene
970 2526 1051 2597 vale
1076 2519 1265 2596 Clanffime
1292 2519 1451 2620 Bonisana.
1500 2521 1559 2600 Ex
1583 2524 1732 2602 Patauio
1752 2544 1873 2600 xvm.

500 2635 617 2698 tractes.
677 2621 851 2698 Calendas
873 2619 1056 2696 Februarii
1078 2639 1170 2695 auno
1197 2637 1302 2712 1533,
1400 2641 1404 2646 ·
1438 2665 1441 2672 -

502 2850 625 2992 333-
791 2821 1302 2923 uptscouu
1364 2787 1744 2930 xxxvm.

807 3045 1739 3162 Jonmnscflocuuo

502 3009 562 3070 iol.
580 3022 648 3086 ¹75·

520 3293 628 3370 ¹⁵33·
689 3277 905 3393 Praetniffis
931 3273 1170 3366 urbanitatis
1198 3271 1350 3389 ficiis,
1385 3273 1525 3366 iaudat
1550 3273 1878 3368 Heresbachiunn

748 3392 822 3480 De
865 3393 1013 3480 Gratis
1052 3387 1362 3499 institutionibus
1395 3387 1578 3495 edendis,
1629 3387 1689 3484 ἔθ’
1730 3391 1881 3508 Caesari

681 3609 686 3620 ι
747 3508 1019 3620 nuncupandis
1051 3501 1253 3592 deliberat.
1311 3501 1477 3616 Erasmi
1515 3503 1740 3620 apologiam
1771 3507 1882 3592 eden·

687 3709 690 3718 ,
743 3622 843 3708 dom
871 3613 1020 3732 censet,
1049 3613 1211 3734 ejusque
1235 3623 1449 3704 amicitiam
1477 3617 1652 3708 aliorum
1668 3615 1884 3724 stmultoti·

620 3761 622 3766 ’
748 3731 820 3821 dus
855 3736 1074 3934 anteponit.
1133 3729 1294 3848 Cogitat
1330 3733 1379 3816 de
1411 3727 1620 3847 Affifforio
1653 3757 1816 3826 mussare
1841 3740 1883 3822 in

753 3847 925 3939 Cometa
972 3843 1175 3962 inperiali,

1266 4150 1401 4225 asciculi

789 4053 882 4130 Alde
897 4051 958 4129 iim
974 4053 1146 4140 incivilis,
1168 4047 1361 4223 Prapofite
1382 4051 1590 4248 disgplillime,
1615 4052 1639 4126 fi
1654 4073 1886 4153 praeterquam

812 4153 909 4248 quod
932 4155 1018 4225 meis
1034 4170 1069 4223 te
1097 4151 1225 4239 literis,
1469 4177 1488 4224 e
1507 4154 1610 4227 toties
1635 4149 1803 4248 fatigem,
1829 4177 1890 4226 au·

695 4247 799 4321 dcam
825 4253 930 4324 etiam
960 4250 1006 4321 im
1035 4243 1163 4321 erofius
1193 4244 1446 4345 responfionem
1477 4249 1617 4339 exigere
1653 4248 1696 4320 ab
1726 4249 1890 4336 homine,

696 4345 800 4438 cujus
816 4369 884 4439 ego
900 4343 981 4420 cim
998 4271 1220 4439 iignitatem,
1244 4365 1316 4417 tum
1332 4345 1420 4418 veto
1438 4345 1665 4418 eruditionem
1682 4341 1718 4418 δι
1736 4345 1891 4441 multiju-

649 4488 654 4500 ,
697 4463 762 4534 gas
777 4442 886 4532 ⁴dotes
911 4440 1045 4538 semper
1065 4435 1223 4535 suspexi,
1248 4439 1284 4512 ἃ
1309 4459 1478 4536 praeterea
1498 4440 1763 4514 valetudinario.
1798 4439 1892 4516 Seti-

697 4537 749 4612 ue·
758 4541 877 4638 itaque
892 4541 974 4615 dum
989 4535 1111 4625 lubet,
1135 4539 1216 4612 dum
1231 4537 1332 4635 licet3
1357 4537 1395 4614 ἃ
1412 4559 1468 4612 me
1487 4559 1560 4614 non
1580 4555 1666 4634 puta
1681 4537 1894 4634 intempesti-

1802 4655 1885 4710 vum
