4680 5828
636 613 698 728 m
753 598 1085 707 vietum
1112 595 1375 694 Arrun
1403 595 1784 698 zurorrumr

636 824 695 882 res
711 828 731 880 a
747 803 849 880 ‘nobis
865 819 958 890 erat,
983 797 1045 872 nist
1060 797 1164 967 ¹puori
1179 799 1242 874 ille
1258 821 1330 872 non
1354 821 1399 872 ex
1414 783 1534 875 animo
1545 801 1685 878 videtur
1706 803 1776 880 hoc
1794 802 1843 880 af·

638 899 781 977 scotare.
832 897 893 974 Me
908 897 995 974 verb
1014 918 1058 969 ne
1074 897 1130 968 cio
1151 918 1231 992 quae
1247 898 1352 969 etiam
1369 917 1465 970 mens
1480 897 1539 970 hic
1555 901 1591 971 in
1609 923 1733 976 munus
1755 904 1845 976 invi·

640 996 776 1074 diosum
796 992 995 1071 con‘ecerit.
1045 988 1220 1066 Profiteor
1242 993 1332 1066 enim
1350 989 1494 1086 publice
1512 995 1550 1068 dt
1577 997 1718 1089 quidem
1746 995 1845 1095 infli-

642 1097 776 1168 tutiones
800 1089 849 1188 (3
906 1111 1011 1186 atque
1029 1088 1126 1161 hunc
1146 1109 1272 1160 annum
1300 1104 1481 1162 extremun
1507 1089 1627 1165 studiis
1652 1095 1737 1168 meis
1788 1117 1846 1167 ro·

642 1188 764 1362 posui,
788 1189 908 1284 postea
937 1185 1086 1259 enimin
1111 1185 1227 1258 animo
1254 1183 1368 1259 habeo
1390 1184 1459 1258 alid
1483 1207 1539 1258 me
1555 1184 1705 1264 flectere.
1756 1115 1790 1263 ἕ

1791 1208 1849 1264 ta

669 1287 747 1382 pira
766 1305 839 1359 non
855 1267 1096 1358 abhorrebam.
1148 1279 1216 1354 Sed
1237 1281 1365 1355 multos
1384 1281 1488 1354 audio
1506 1282 1551 1355 de
1567 1283 1768 1361 valetudine
1813 1310 1848 1360 e·

646 1383 815 1468 riclitari‚
840 1380 903 1476 qui
926 1378 1013 1450 illuc
1035 1373 1069 1450 se
1094 1374 1292 1451 conserunt.
1343 1373 1450 1472 Rogo
1473 1395 1589 1452 tamen
1605 1400 1644 1453 ut
1662 1400 1755 1455 tuam
1773 1309 1848 1458 dgn-

621 1481 792 1554 -tentiam
809 1476 895 1550 mihi
909 1472 1057 1563 scribas,
1083 1471 1167 1568 quid
1187 1469 1259 1568 ipse
1274 1470 1428 1548 suadeas.
1455 1472 1597 1546 Corolum
1616 1477 1850 1553 amiciffimum

646 1574 840 1649 studiorum
865 1591 1053 1656 meorum,
1076 1567 1227 1643 sodalem
1257 1591 1401 1660 nuper,
1434 1591 1561 1664 magno
1586 1571 1625 1648 ἃ
1654 1575 1852 1650 incredibili

646 1693 726 1744 meo
750 1669 892 1755 dolore,
917 1661 1021 1740 amifi.
1069 1663 1179 1737 Diem
1194 1663 1284 1738 enim
1304 1663 1452 1738 Taurini
1467 1665 1606 1741 fundlus
1623 1667 1684 1743 est.
1726 1670 1851 1765 unerfr-

648 1767 712 1840 lr'ar
734 1765 786 1840 illi
809 1761 922 1838 adfuit
945 1761 1130 1848 morienti,
1154 1780 1258 1857 atque
1283 1779 1386 1834 antea
1402 1761 1463 1833 illo
1483 1781 1604 1836 autore
1621 1765 1850 1862 adjutoreque

646 1861 824 1936 honestam
856 1857 1089 1934 conditionem
1117 1857 1264 1952 adeptus
1284 1853 1345 1930 eli.
1394 1853 1511 1945 Quem
1537 1877 1652 1932 tamen
1673 1861 1780 1935 miror
1799 1865 1852 1936 ni·

646 1958 700 2032 hil
715 1957 802 2032 mihi
824 1956 939 2029 adhuc
957 1953 1001 2030 de
1020 1949 1220 2026 chariilrmae
1236 1952 1361 2024 animae
1385 1951 1487 2026 obitu
1515 1950 1691 2048 scripfiile.
1739 1955 1854 2036 Valde

649 2051 737 2129 scire
762 2076 851 2134 aveo
870 2070 959 2147 quos
987 2068 1127 2124 autores
1153 2047 1280 2122 habeat
1306 2046 1468 2140 Philippus
1494 2049 1695 2124 Melundbon
1720 2055 1782 2148 qui
1807 2053 1852 2130 de

649 2151 803 2225 Lotlrorr‘o
828 2151 952 2224 Saxone
976 2143 1048 2241 (4)
1073 2145 1143 2218 boc
1159 2141 1257 2238 cujus
1274 2141 1460 2218 meministi
1483 2141 1629 2240 scripfit.
1680 2145 1768 2224 Hoc
1783 2171 1855 2224 cer·

653 2265 729 2321 tum
742 2243 814 2330 est,
838 2245 933 2318 circa
948 2243 1020 2337 ejus
1037 2261 1193 2336 tempora
1209 2257 1410 2315 revocatum
1425 2239 1461 2312 in
1476 2242 1590 2316 lucem
1601 2245 1656 2338 jus
1671 2243 1775 2320 civile
1785 2243 1857 2324 five

648 2339 860 2418 Romanum.
909 2335 961 2410 Et
981 2337 1139 2434 plerique
1154 2335 1258 2409 etiarn
1282 2333 1512 2411 Bononienfis
1528 2336 1727 2413 Academiae
1746 2343 1858 2440 auspi·

648 2439 707 2514 cia
724 2437 769 2511 ab
786 2435 850 2509 illo
876 2432 1064 2508 deducunt.
1115 2430 1344 2526 Diligentiam
1376 2452 1470 2504 tuam
1503 2433 1540 2504 in
1565 2433 1717 2508 eruenda
1739 2461 1855 2512 rerum

651 2553 917 2631 temporumque
940 2530 1099 2626 priorum
1121 2527 1289 2602 memoria
1310 2527 1418 2599 laudo
1438 2527 1476 2600 δι
1508 2549 1609 2615 amo,
1632 2551 1791 2627 rogoque
1815 2551 1856 2610 ut

650 2651 792 2728 pergat.
841 2625 992 2701 Nullum
1038 2625 1130 2702 enim
1159 2620 1858 2710 studimdeleuabilus,nu11umuti-

650 2729 740 2814 lius,
765 2723 898 2798 nullum
921 2723 1107 2800 honestius.
1157 2717 1241 2793 Nec
1264 2715 1443 2815 quisquam
1467 2713 1517 2792 est
1540 2721 1601 2815 qui
1624 2740 1660 2795 te
1683 2723 1753 2796 hoc
1777 2723 1857 2826 pos-

650 2819 694 2895 lit
708 2822 832 2896 melius
856 2817 1001 2895 efficere.
1050 2817 1183 2894 Praeter
1207 2815 1297 2888 enlm
1322 2815 1537 2910 optimorum
1548 2815 1720 2894 librorum
1734 2822 1858 2900 inaesti·

652 2917 816 2992 mobilem
840 2913 1063 3000 thesaurum,
1088 2913 1206 2986 vivam
1233 2909 1342 2986 habes
1371 2907 1628 2986 Bibliothecam
1651 2917 1688 2988 in
1712 2939 1864 3011 parente¹

653 3014 734 3088 viro
759 3009 978 3095 doliillimo,
1008 3007 1306 3105 peritiffimoque‚
1340 3006 1404 3101 qui
1426 3007 1487 3080 ubi
1510 3027 1609 3082 tuum
1632 3011 1782 3088 studium
1805 3019 1859 3091 in·

651 3107 856 3197 tellexerit,
889 3129 961 3183 non
985 3107 1098 3179 minus
1128 3101 1290 3181 lubenter
1321 3102 1386 3176 tibi
1410 3101 1545 3178 tradere
1568 3105 1719 3201 cupiet,
1751 3112 1858 3208 quim

650 3221 694 3282 tu
707 3205 890 3303 percipere
913 3200 1132 3278 desiderabis.
1181 3198 1291 3284 Vale,
1317 3199 1433 3272 Claudi
1456 3197 1680 3293 Charillime,
1705 3213 1859 3301 parenti.

651 3320 724 3398 que
748 3322 812 3375 tuo
843 3299 1028 3397 plurimam
1049 3320 1151 3374 ame
1184 3293 1338 3370 salutem.
1395 3291 1530 3372 Patavii
1553 3319 1606 3373 vr.
1632 3297 1778 3380 Caleod.
1801 3303 1858 3402 Ja-

651 3398 765 3474 nuarii
787 3413 1009 3489 atin01532.

696 3585 762 3674 (3)
781 3582 1017 3685 institutiones]¹
1032 3581 1090 3652 Ad
1112 3583 1181 3651 hoc
1212 3583 1398 3668 profitendi
1431 3601 1555 3654 munus
1577 3603 1759 3686 promotus
1785 3591 1854 3663 fust

652 3671 920 3768 procurantibus
942 3667 1168 3753 Cirriloplroro,
1189 3665 1225 3762 {it
1248 3665 1362 3762 erronr
1383 3667 1667 3772 Tmropfimuns
1688 3690 1772 3772 tunc
1786 3677 1854 3746 stu.

653 3755 772 3832 drolls,
792 3751 956 3822 ambobus
967 3751 1083 3836 postea
1099 3750 1358 3832 Cardrnalrbus3
1377 3753 1471 3836 quod
1483 3772 1520 3821 111
1535 3753 1612 3824 Vtro
1627 3757 1686 3825 lua
1696 3759 1766 3846 rpse
1781 3779 1853 3830 non

525 3877 540 3904 ..
654 3840 856 3917 adnotavit,
876 3835 932 3905 sed
952 3834 1108 3920 prodidit
1135 3831 1292 3900 Adrianus
1313 3833 1493 3905 Gauranos.

688 3925 710 4023 ι(
717 3923 760 4009 4)
778 3920 830 3988 De
849 3919 992 4016 Lothorr'o
1012 3915 1152 4068 {arbrntfi}
1183 3915 1279 4002 Quid
1303 3937 1322 3985 a
1342 3917 1548 3986 Melanthione
1576 3924 1766 4025 cupedia-rit
1794 3925 1853 3998 Vr.

673 4001 1851 4170 lirrainibtninqr.Ptin¹ll³rltitlur⁹illninlz

649 4170 856 4340 ξεξεὲαξέιᾱ
874 4167 934 4259 Jo.
956 4167 1043 4246 Vinr.
1069 4165 1251 4240 Gravinum
1269 4167 1304 4239 dt
1324 4184 1393 4238 ortu
1410 4156 1451 4242 Β
1466 4187 1572 4258 progr.
1592 4171 1671 4259 Jar.
1692 4175 1792 4246 Cr'or'l.
1810 4193 1847 4259 p.

1734 4525 1846 4636 uru-
