4680 5828
562 699 769 798 uersu.
798 700 1104 799 suiacum
1129 727 1194 795 un
1221 702 1551 805 omausos.
1627 711 1683 801 σι

588 919 1479 1036 ¹uorsuouamnlu.
1714 957 1840 1026 ma

1712 1059 1761 1100 mo
1779 1040 1823 1103 11.

535 1163 1292 1274 casouu1vusmo
1336 1166 1623 1271 vuu1o.
1712 1105 1846 1198 ‘⁰¹⁵⁷'

478 1407 829 1523 Existimatiomm
856 1409 970 1528 dese
997 1441 1024 1498 a
1055 1405 1171 1506 Velio
1200 1409 1407 1519 cellolam,
1435 1407 1581 1502 humili
1607 1441 1677 1504 ex·
1728 1465 1834 1544 1532·
1909 1402 1915 1413 ’

538 1523 734 1636 caesarione
768 1533 948 1614 minuere
972 1515 1137 1640 satagit.
1193 1525 1452 1614 Pramamrd
1479 1527 1677 1726 adIJaris

540 1635 684 1727 Civilis
710 1637 957 1754 disciplinam
992 1637 1235 1752 translatas,
1265 1636 1505 1756 purioribus
1559 1649 1674 1735 iteris

536 1749 744 1973 noorssatis
773 1759 909 1868 potuit
943 1773 1112 1866 operam
1150 1753 1261 1837 dare.
1331 1748 1444 1864 Quid
1471 1755 1671 1867 producat

534 1859 611 1951 Fri
625 1894 697 1968 ta,
764 1893 821 1951 uae
860 1893 936 1954 noa
970 1872 1110 1981 genuit
1144 1861 1431 1952 Hermannom
1470 1863 1672 1974 ariſsam,

533 2001 654 2091 quem
678 1890 763 2090 pud
781 1973 850 2088 sui
868 2006 955 2065 com
977 2007 1020 2066 eo
1043 1979 1403 2092 comparationem,
1431 2005 1526 2092 egre
1551 1987 1587 2066 ie
1605 2009 1672 2067 ex·

538 2087 656 2178 tollit.
689 2083 799 2174 Velii
817 2098 996 2176 carmina
1017 2091 1137 2180 Italis
1163 2087 1404 2206 probamur,
1434 2098 1497 2178 coi
1512 2009 1564 2206 de
1575 2091 1672 2209 saa·

535 2225 614 2314 que
638 2195 819 2317 obsequia
846 2203 1006 2292 addicit.
1502 2213 1506 2231 ³

571 2464 650 2539 Pud
673 2487 735 2541 eos
752 2465 814 2633 gui
834 2487 890 2538 me
910 2483 1084 2540 noverunt
1102 2463 1147 2540 de
1170 2460 1279 2550 facie,
1305 2462 1373 2541 Vir
1393 2464 1592 2554 clariffime,
1618 2485 1670 2540 at·

594 2583 663 2657 que
688 2584 752 2634 eru
778 2561 938 2651 itillime,
972 2563 1109 2635 veniam
1134 2579 1217 2634 aetas
1251 2583 1327 2635 mea
1357 2561 1494 2636 facilius
1520 2563 1666 2637 fortasis

476 2657 662 2754 impetret,
687 2655 713 2732 fi
737 2677 943 2754 conceptam
958 2657 1004 2732 de
1018 2681 1075 2731 me
1096 2658 1375 2754 expectationem
1393 2657 1515 2732 fallens
1534 2661 1667 2755 aliquid

477 2774 681 2848 peccavero.
730 2752 864 2829 Verum
882 2751 962 2827 cum
980 2771 1019 2826 tu
1036 2775 1214 2848 nunquam
1229 2777 1284 2828 me
1301 2755 1454 2842 videris,
1478 2776 1582 2852 atque
1594 2777 1669 2828 tan·

477 2871 551 2922 tum
574 2873 619 2924 ex
639 2851 763 2944 Georgii
786 2853 965 2923 Hennanni
987 2849 1137 2944 benigna
1163 2850 1232 2922 mei
1255 2849 1572 2936 commendatione,
1595 2869 1666 2924 tam

474 2946 647 3040 praeclaro
662 2967 718 3020 me
738 2945 775 3018 in
789 2945 898 3020 literis
916 2947 985 3018 tuis
1001 2946 1140 3040 eulogio
1156 2946 1353 3031 ornaveris,
1378 2949 1477 3020 tantd
1496 2945 1592 3021 certe
1612 2970 1670 3022 me

475 3045 584 3138 magis
598 3043 774 3118 tenuitatis
792 3065 879 3115 meae
897 3043 1022 3115 meritd
1039 3038 1236 3136 suppudere
1248 3041 1368 3126 debet,
1420 3063 1526 3116 uanto
1542 3063 1577 3116 te
1594 3040 1669 3138 ipse

475 3139 512 3210 in
543 3140 686 3236 ingenio
721 3137 839 3212 nostro
873 3135 1099 3233 dijudicando
1135 3140 1274 3230 gravius
1304 3065 1426 3213 arraldo
1458 3139 1665 3233 comperies.

478 3233 717 3330 Quamobrem
737 3235 874 3318 malim,
898 3252 939 3305 ut
956 3231 1166 3308 mediocrius
1188 3233 1232 3306 ab
1255 3235 1358 3307 initio
1378 3234 1422 3307 de
1435 3234 1536 3307 nobis
1551 3231 1667 3307 sensis-

476 3329 548 3416 ses,
573 3333 610 3405 &
636 3330 752 3404 adhuc
776 3327 924 3411 sentias,
959 3349 1155 3423 quanquam
1177 3353 1221 3402 ne
1250 3331 1500 3404 mediocritatis
1524 3328 1666 3427 quidem

476 3426 614 3498 laudem
637 3429 728 3500 tueri
751 3425 825 3498 ullo
852 3420 956 3518 paeto
980 3447 1036 3496 me
1059 3421 1154 3519 polle
1180 3423 1332 3499 confido.
1390 3424 1490 3514 Quid
1511 3426 1603 3501 enim
1626 3426 1672 3498 in*

477 3523 579 3595 nobis
600 3518 714 3618 potest
735 3518 800 3593 else
819 3519 1016 3604 mediocre,
1041 3517 1066 3594 fi
1084 3521 1128 3593 ad
1154 3519 1284 3615 ingenii
1309 3520 1579 3618 eruditionisque
1594 3541 1669 3594 tuae

478 3621 655 3712 antiquam
667 3613 880 3692 &illustrem
896 3615 1060 3712 gloriam,
1078 3614 1453 3713 incomparabilemque
1467 3641 1566 3692 venae
1582 3617 1671 3690 dex-

476 3716 682 3799 teritatem,
715 3735 794 3808 quae
824 3708 892 3784 sine
918 3713 1064 3808 aequali,
1089 3713 1125 3785 in
1151 3713 1299 3808 poeticis
1327 3711 1510 3809 praecipue
1535 3711 1664 3800 literis,

474 3814 604 3884 multos
628 3832 722 3884 nunc
742 3831 847 3882 annos
868 3807 904 3879 in
920 3829 1024 3904 gente
1052 3805 1167 3882 nostra
1187 3805 1336 3899 effulsit,
1362 3808 1556 3884 reseratur?
1582 3804 1666 3900 Ego

449 3909 585 3989 ·verd,
609 3929 653 3980 ne
703 3906 764 3978 uid
779 3903 928 3991 fallaris,
955 3901 1098 3978 vixdum
1113 3925 1179 3998 per
1196 3925 1335 3978 atatem
1360 3901 1453 3976 retia
1477 3905 1520 3978 de
1543 3899 1667 3976 studiis

474 4002 602 4078 sentire
618 3930 776 4097 polium,
795 4001 866 4073 imo
890 4001 926 4072 in
944 4001 986 4073 iis
1014 4000 1143 4088 literis,
1166 4001 1291 4094 quibus
1315 3999 1443 4074 literati
1464 3998 1670 4084 censentur,

476 4099 568 4172 haud
591 4121 743 4194 unquam
762 4098 867 4184 mihi,
892 4117 932 4168 ur
947 4094 1066 4168 saltem
1083 4097 1280 4169 rudimenta
1293 4093 1521 4190 perdiscerem
1538 4092 1664 4191 justum

475 4197 617 4290 operam
637 4193 839 4289 impendere
861 4187 1057 4265 concellum
1085 4189 1178 4276 fuit,
1212 4193 1344 4358 quippe
1375 4187 1585 4286 praemature
1611 4189 1665 4262 ni·v

474 4293 540 4363 mis
554 4292 699 4383 adJuris
718 4289 842 4364 Civilis
857 4286 1072 4384 disciplinam
1095 4284 1276 4362 transsatus
1306 4309 1385 4373 um,
1409 4281 1664 4450 eorumpuffu,

477 4409 626 4482 quorum
652 4385 698 4456 ob
729 4387 920 4458 naturalem
946 4385 1111 4480 pietatem
1134 4383 1450 4476 reverentiamque,
1475 4382 1512 4452 in
1565 4377 1667 4456 udio-

476 4506 550 4556 rum
568 4477 799 4563 institutione,
824 4479 1002 4554 autoritati
1017 4501 1072 4550 me
1090 4478 1215 4554 cedere
1230 4499 1295 4571 par
1309 4497 1392 4552 erat
1426 4473 1560 4565 Quinc
1578 4475 1667 4571 quid

352 4625 361 4642 .
476 4597 532 4653 me
555 4576 718 4655 meliores
742 4577 852 4652 litem
876 4574 920 4653 ab
945 4571 1408 4764 iullitutoHregmorareutur,
1432 4569 1672 4740 quibupesrgdep¹⁸
