4742 5814
563 591 765 696 EPIST·
793 589 1193 690 SELECTAEan
1220 570 1678 724 DIVERSOS..271

479 819 585 896 pert,
616 815 690 868 non
717 790 855 886 ingrata
879 783 1066 875 haetenus,
1090 809 1163 864 non
1186 787 1296 864 modd
1319 788 1417 886 quod
1439 791 1526 866 mibi
1549 793 1681 874 interea

478 896 594 970 ιιὶιιι
609 885 783 966 senescere
805 882 868 958 stm
882 882 1001 977 visus,
1026 885 1109 959 dum
1120 887 1157 962 in
1175 884 1432 961 adolescentum
1448 889 1678 990 caelibumque

475 1012 623 1066 numero
647 1006 842 1066 manerem,
865 983 1113 1058 verumetiam
1137 980 1234 1078 quod
1245 983 1523 1080 jucundissimum
1541 985 1607 1062 elie
1621 987 1676 1063 so·

474 1091 567 1175 leat,
592 1082 769 1158 adbaerere
797 1075 953 1169 afferetis,
976 1076 1167 1178 praesertim
1185 1076 1266 1153 etim
1283 1076 1480 1176 persuasum
1510 1083 1675 1160 haberem

474 1182 596 1260 studiis
620 1201 766 1278 quoque
786 1177 1001 1266 litteratum,
1025 1173 1154 1272 quibua
1182 1175 1226 1249 ab
1261 1177 1388 1252 tenetis
1414 1178 1510 1250 annis
1533 1178 1674 1258 deditur

472 1278 548 1369 fui,
572 1274 620 1354 iic
636 1275 723 1352 mihi
745 1274 969 1349 commodius·
984 1293 1109 1367 vacate
1123 1273 1241 1348 licere.
1290 1271 1352 1348 Ut
1378 1273 1416 1349 δι
1433 1272 1562 1365 hodie,
1587 1279 1673 1354 dum

471 1377 512 1454 in
534 1374 687 1450 futuram
716 1389 876 1460 aetatem,
905 1367 1151 1468 sequentesque
1173 1389 1284 1443 annos
1306 1371 1467 1456 intueor,
1500 1372 1601 1448 &de
1626 1399 1670 1451 eo

472 1471 572 1572 quod
586 1487 627 1543 ιι
645 1463 850 1567 requilivisti
865 1468 953 1544 certi
966 1466 1099 1562 aliquid
1114 1466 1180 1543 tibi
1193 1460 1402 1562 respondere
1415 1467 1557 1564 cogito,
1582 1473 1670 1548 mul·

472 1587 521 1646 tae
535 1567 571 1643 se
588 1563 677 1640 mihi
703 1584 778 1642 uon
803 1563 893 1641 levia
918 1564 1087 1638 momenti
1100 1559 1214 1638 causae
1235 1561 1409 1653 offerant,
1430 1564 1669 1662 ptaelentiom·

496 1689 541 1742 ue
563 1681 764 1759 tempomm
785 1661 942 1736 conditio
963 1660 1125 1756 inprimis
1145 1679 1375 1757 permoveat,
1398 1677 1440 1736 ιι
1463 1683 1535 1735 ιοι
1557 1663 1671 1742 modb

468 1689 699 1839 imvmmum
714 1758 959 1835 verumetiam
985 1756 1189 1834 tulltlitmum
1207 1754 1286 1834 fote
1303 1755 1463 1858 credam,
1487 1756 1525 1830 in
1543 1762 1667 1838 eadem

464 1860 553 1935 vitae
579 1855 742 1934 libertate
765 1851 1060 1952 pristinorumque
1088 1853 1282 1930 studiomm
1306 1853 1408 1930 cursu
1431 1853 1665 1950 perseverare.

466 1951 563 2030 Nam
582 1953 680 2052 quod
705 1951 865 2051 plerique
893 1953 953 2028 vel
968 1951 1015 2025 ob
1035 1974 1108 2027 rem
1131 1949 1353 2027 domesticam
1373 1952 1496 2026 melius
1514 1951 1580 2026 diri
1606 1977 1668 2030 en·

467 2051 574 2140 dam,
599 2049 658 2127 vel
677 2070 763 2147 opes
779 2047 1064 2132 accumulandas,
1089 2045 1133 2121 ad
1147 2067 1281 2124 certum
1297 2048 1382 2123 vitae
1398 2047 1556 2123 ordinem
1571 1977 1668 2126 lgesti·

466 2165 576 2233 nant,
591 2147 629 2220 id
646 2169 704 2221 me
721 2166 794 2219 non
810 2142 914 2220 valde
930 2165 1063 2219 movet.
1087 2141 1211 2234 Quom
1226 2145 1267 2218 iis
1284 2165 1364 2242 quae
1379 2143 1452 2217 Dei
1468 2145 1663 2242 benignitas

465 2242 625 2342 quotidie
639 2239 726 2317 mibi
740 2239 888 2336 largitur
896 2290 909 2329 ,
923 2261 996 2313 non
1011 2240 1118 2316 modd
1128 2235 1231 2315 facile
1247 2237 1523 2325 immutentur,
1537 2241 1664 2318 verbm

462 2341 567 2417 etiam
585 2361 628 2417 ea
645 2335 743 2436 spem
772 2354 970 2434 votumque
995 2357 1111 2411 meum
1135 2339 1245 2432 longe
1268 2339 1411 2412 vincant
1434 2357 1538 2434 atque
1560 2361 1664 2414 exce·

461 2438 558 2514 dant
606 2431 810 2510 Libidinem
822 2449 961 2519 autem,
978 2455 1061 2529 quae
1079 2433 1116 2506 in
1132 2433 1247 2508 moltis
1265 2434 1478 2520 dominatur,
1497 2455 1602 2530 atque
1613 2434 1662 2511 ad

460 2557 539 2622 rem
558 2531 720 2610 uxoriam
752 2529 923 2606 maturius
948 2529 1212 2626 amplexandam
1240 2531 1417 2625 impellit,
1454 2530 1659 2627 quotidiana

459 2627 679 2719 stodiamea,
703 2623 812 2701 finon
828 2628 973 2702 omnino
987 2624 1025 2697 in
1049 2647 1106 2699 me
1121 2627 1366 2712 extinxerunt,
1380 2627 1428 2701 ita
1444 2647 1555 2702 tamen
1572 2649 1660 2702 tem·

458 2745 583 2824 petant
595 2746 637 2802 ac
653 2721 901 2815 moderantur,
922 2740 964 2798 ιι
980 2717 1042 2798 etst
1059 2721 1250 2798 castitatem
1266 2724 1356 2797 tueri
1368 2719 1473 2821 supra
1489 2725 1658 2802 humanas

458 2843 551 2920 pene
580 2819 624 2898 fit
650 2819 763 2909 vires,
787 2820 831 2894 ab
859 2821 959 2894 omni
986 2839 1103 2897 tamen
1120 2819 1359 2916 turpitudine,
1395 2819 1587 2911 dedecore,
1613 2843 1658 2897 ac

457 2941 572 3016 pravo
589 2920 753 3014 exemplo
778 2916 1085 2992 incontaminatam
1105 2913 1271 2990 haetenus
1288 2913 1412 2989 famam
1436 2913 1516 2992 Deo
1559 2919 1656 3013 topi·

455 3015 508 3092 tio
523 3013 811 3094 conservaverim
860 3011 1002 3087 Deinde
1019 3013 1109 3087 verb
1119 3009 1268 3108 praesens
1285 3010 1355 3086 hoc
1373 2941 1564 3107 profitendi
1579 3037 1659 3088 mu·

458 3133 523 3186 nus
534 3161 547 3200 ‚
570 3130 637 3188 nec
652 3107 702 3184 est
720 3107 946 3205 injucundum
965 3107 1052 3182 mihi
1066 3131 1132 3186 nec
1151 3110 1254 3183 etiam
1269 3103 1525 3204 infrugiferam.
1575 3107 1656 3183 Ho-

457 3208 562 3284 nestar
575 3229 719 3312 quoque
736 3204 831 3302 apud
849 3200 1088 3299 posteritatem
1106 3205 1349 3300 comparandae
1369 3207 1566 3291 memoriae,
1583 3205 1653 3301 qud

449 3305 544 3380 ¹ttihil
554 3299 759 3378 mortalibus
773 3301 909 3378 dulcius
920 3295 987 3377 effe
997 3299 1101 3390 solet,
1115 3301 1192 3376 satis
1210 3301 1363 3397 amplam
1381 3303 1560 3378 materiam
1573 3298 1653 3376 sub·

455 3399 635 3478 ministrat.
682 3395 811 3476 Scribo
841 3397 934 3474 enim
958 3397 1149 3478 interea&
1174 3404 1355 3494 compono
1381 3421 1462 3496 quae
1484 3421 1568 3474 mox
1586 3398 1655 3496 (ιι

453 3495 513 3571 ille
533 3497 606 3594 ait)
630 3497 836 3592 depromere
847 3493 989 3664 ¹pollim
1040 3491 1150 3584 Quod
1171 3497 1313 3591 quidem
1336 3497 1373 3570 in
1389 3495 1460 3570 alio
1483 3499 1569 3573 vitae
1589 3519 1650 3592 ge-

454 3615 538 3667 nere
561 3616 632 3666 non
655 3613 756 3686 aeque
805 3612 846 3664 ro
863 3589 943 3666 eeto
964 3610 1025 3666 aut
1049 3590 1155 3666 liceat
1177 3611 1238 3666 aut
1263 3613 1378 3666 vacet.
1427 3591 1530 3667 Adeo
1558 3593 1648 3668 verd

453 3686 532 3763 haec
549 3687 696 3765 vivendi
711 3613 927 3762 conitendo
947 3689 1063 3761 animo
1078 3709 1157 3762 men
1186 3686 1368 3776 adlubuit,
1392 3707 1430 3762 ut
1457 3709 1573 3786 prope
1608 3689 1648 3763 in

452 3803 613 3860 naturam
627 3778 792 3862 conversa
813 3779 878 3869 fit,
903 3782 1115 3881 sentiaque
1136 3785 1173 3858 in
1195 3781 1330 3878 meipso
1347 3784 1521 3880 quandam
1546 3786 1656 3860 incli-

450 3883 629 3956 nationem
642 3875 981 3978 propeulionemque
991 3881 1115 3966 animi,
1127 3901 1147 3954 a
1161 3881 1231 3976 qui
1243 3877 1428 3955 difficulter
1445 3903 1501 3954 me
1518 3880 1645 3978 queam

449 3981 631 4074 expedire.
679 3975 838 4056 Teutavi
860 3997 977 4050 tamen
1000 3975 1038 4050 id
1063 3999 1199 4072 nuper,
1230 3973 1268 4048 ἃ
1296 3975 1440 4074 quando
1463 3999 1536 4050 non
1561 3998 1645 4074 pro-

447 4077 565 4172 prium
581 4072 720 4171 semper
734 4073 832 4170 sequi
852 4069 1003 4159 sensum,
1027 4071 1087 4148 sed
1103 4075 1222 4147 alienis
1245 4069 1285 4145 dt
1337 4072 1499 4146 raelertim
1515 4074 1649 4150 amico·

446 4195 525 4246 rum
550 4169 709 4246 fidelibus
723 4169 894 4254 confiliit,
919 4168 1064 4269 obsequi
1082 4171 1201 4256 decet,
1226 4168 1264 4243 de
1279 4096 1335 4243 ad
1354 4171 1453 4266 quod
1474 4185 1513 4244 tu
1526 4170 1647 4245 horta·

448 4269 497 4343 ris
519 4271 614 4344 idem
637 4267 728 4344 mihi
753 4267 797 4342 ab
821 4267 898 4342 aliia
929 4267 1105 4342 nonnullis
1126 4264 1344 4341 suaderetur:
1378 4265 1477 4352 illutl¹
1490 4267 1644 4362 primum

448 4363 542 4457 apud
557 4361 719 4460 parentes
733 4363 855 4452 effeci,
876 4380 918 4438 ut
939 4363 1119 4476 pristinam
1136 4363 1220 4434 mihi
1238 4361 1487 4460 obligationem
1508 4359 1644 4437 remise·

448 4462 537 4552 rint,
560 4483 684 4559 meque
701 4461 1018 4560 emancipavennt,
1044 4459 1162 4545 addito
1187 4457 1291 4534 etiam
1309 4457 1504 4556 praediolo,
1523 4479 1565 4630 ξι
1582 4459 1645 4530 ha-

1498 4591 1500 4599 ,
1550 4573 1646 4626 erem
