4882 5804
748 679 830 788 rso
856 669 1094 780 urottt
1120 697 1188 768 nn
1214 669 1473 768 turra
1506 667 1882 810 zuthaaom

748 861 976 968 mur,'qaim
994 871 1204 966 quotidianis
1218 869 1421 967 experimur
1429 869 1612 965 exemplis.
1659 856 1760 947 Ecce
1774 875 1870 950 coita
1884 853 1949 948 uto

614 1014 619 1023 =
751 967 871 1046 nostro
889 969 1018 1063 Georgia
1038 969 1217 1041 Hermanno
1233 969 1317 1054 uui,
1341 967 1496 1062 nitique
1515 968 1838 1060 communionum,
1862 973 1954 1066 quid

752 1066 839 1163 fingi
855 1067 972 1162 potuit
990 1066 1128 1148 melius,
1145 1061 1342 1176 symeonius,
1356 1063 1632 1150 nummisma
1645 1061 1811 1142 suavius?
1839 1066 1956 1176 Quid3

754 1183 835 1237 nam
853 1160 903 1234 eii
922 1161 1018 1258 quod
1037 1156 1245 1235 confiderari
1260 1181 1298 1232 ro
1316 1181 1359 1232 eo
1380 1179 1486 1254 queat
1504 1157 1637 1236 officit
1662 1161 1699 1232 in
1718 1183 1791 1258 quo
1813 1165 1957 1264 quidem

754 1261 817 1350 iile
846 1279 917 1332 non
943 1257 1043 1330 amici
1069 1257 1176 1331 modo
1191 1255 1409 1329 voluntatem
1434 1257 1754 1353 quomodocunque
1777 1259 1959 1354 cognitam

751 1353 873 1430 iidulo
887 1354 1037 1449 exequi,
1059 1349 1120 1428 sed
1141 1351 1336 1446 praevenire
1366 1354 1470 1425 etiam
1489 1353 1636 1448 cupiat,
1654 1353 1743 1429 cuim
1763 1355 1854 1452 ipsas
1879 1375 1959 1454 gra·

754 1449 909 1526 dicandi
924 1452 1037 1524 andoo
1058 1447 1254 1524 oceasrones
1273 1468 1411 1543 quaerat
1425 1447 1600 1539 studiosi,
1624 1451 1662 1526 dt
1679 1451 1879 1548 perrpeatas
1899 1471 1961 1526 aut

756 1545 889 1622 oblatas
909 1546 1063 1621 fideliter
1074 1547 1237 1644 arripiat,
1263 1566 1368 1642 atque
1393 1549 1580 1642 provehat.
1606 1546 1697 1621 uiui
1716 1549 1860 1642 quidem
1878 1573 1962 1624 cum

755 1642 833 1742 ipso
854 1642 966 1741 major
989 1641 1202 1716 scrumosus
1224 1641 1428 1729 intercedit,
1454 1665 1519 1717 nec
1542 1643 1666 1720 dubito
1690 1647 1777 1738 quin
1811 1667 1854 1720 tu
1879 1665 1960 1720 eum

757 1741 882 1815 meiius
894 1735 1113 1837 penitiusque
1130 1737 1250 1812 noscas
1272 1739 1377 1833 quim
1395 1757 1485 1852 ego,
1507 1738 1570 1814 'sed
1598 1742 1643 1814 de
1664 1761 1722 1814 tue
1736 1743 1808 1816 iroc
1824 1762 1961 1820 motum

759 1839 896 1922 dicam,
915 1837 981 1909 -ubi
998 1834 1103 1909 semel
1127 1836 1171 1908 ab
1197 1835 1259 1907 iilo
1276 1834 1314 1908 io
1341 1837 1526 1910 amicitiam
1557 1855 1719 1932 receptus
1742 1835 1836 1928 sum,
1860 1837 1960 1914 fanu·

759 1934 1017 2028 liaritatemque
1045 1952 1200 2004 mutuam
1229 1931 1350 2005 creora
1378 1934 1557 2006 uterorum
1582 1935 1851 2010 communicatio
1872 1957 1960 2009 wcorr·

759 2028 950 2118 stabilivit,
974 2049 1046 2101 non
1061 2029 1309 2123 vulgaremme
1326 2025 1961 2124 animucoepiffe·uoiuptate1n,Deo·

761 2125 937 2294 ffiopt.
969 2125 1097 2221 gratias
1125 2121 1260 2220 egiiie,
1293 2127 1355 2220 qui
1377 2127 1456 2198 caiis
1482 2127 1553 2198 viri
1579 2126 1729 2200 amicitia
1757 2149 1815 2202 me
1837 2125 1961 2206 besu.

705 2241 738 2280 r·
838 2225 905 2295 'tto
923 2221 1015 2294 eninr
1040 2239 1310 2300 commemorare
1332 2223 1512 2296 innumera
1530 2221 1597 2294 aiis
1612 2226 1690 2319 *eiua
1706 2225 1746 2296 in
1773 2247 1832 2296 me
1858 2222 1961 2306 meri*

762 2337 821 2406 ta,
843 2319 933 2391 iliud
952 2337 992 2389 ut
1002 2336 1125 2391 recens
1140 2317 1191 2390 its
1206 2318 1479 2406 maruntium,
1505 2321 1602 2416 quod
1627 2341 1697 2394 non
1711 2321 1822 2394 motio
1841 2321 1963 2397 condi·

763 2414 896 2486 donem
922 2411 1059 2510 pridem
1091 2413 1178 2486 mihi
1207 2413 1251 2486 ab
1277 2412 1436 2488 Caesarea
1458 2415 1536 2498 Mi?
1561 2417 1600 2487 in
1625 2415 1802 2510 imperiali
1822 2416 1958 2511 jndicio

765 2509 943 2594 obiatam,
966 2507 1098 2582 summo
1125 2511 1237 2584 studio
1266 2509 1304 2583 δι
1332 2507 1428 2593 fide,
1450 2507 1570 2604 Regio
1589 2511 1733 2583 decreto
1755 2509 1961 2586 confirmari

765 2607 960 2692 curaverit,
977 2603 1100 2677 veriam
1116 2627 1214 2679 tuum
1230 2599 1501 2686 etiamfauorem
1512 2605 1556 2676 ad
1567 2603 1866 2678 rneamiortunam
1881 2627 1965 2702 pro*

766 2703 973 2775 nrouendarn
990 2701 1175 2775 inclinatio
1224 2698 1317 2771 Num
1345 2718 1513 2794 quantum
1536 2701 1684 2774 eundem
1707 2703 1743 2774 in
1762 2725 1806 2776 co
1820 2703 1966 2798 negotio

767 2797 958 2892 adjuveris,
983 2821 1052 2892 qua
1067 2822 1127 2872 me
1154 2796 1453 2872 commendatione
1487 2797 1584 2894 apud
1606 2793 1760 2894 Regiam
1778 2798 1836 2869 M.
1863 2799 1967 2873 caetcss

767 2893 898 2988 rosque
910 2897 943 2965 'n
960 2914 1109 2989 quorum
1124 2916 1229 2966 manu
1246 2891 1284 2965 dt
1304 2891 1476 2990 potestate
1501 2917 1542 2968 ea
1564 2917 1622 2968 res
1644 2917 1739 2982 erat,
1764 2896 1970 2983 ornaveris,

768 3013 839 3065 noo
978 2993 1026 3066 est
1043 3013 1098 3064 me
1110 2989 1379 3086 latere'Gsorgiss
1395 2991 1455 3065 ssie
1471 2988 1586 3063 noster
1598 2989 1810 3064 Hermastus.
1835 2989 1978 3086 Quam·

769 3089 891 3162 obrem
913 3109 982 3183 ego
1018 3085 1081 3159 tibi
1113 3086 1157 3160 de
1186 3084 1278 3160 facie
1306 3086 1448 3183 quidem
1474 3087 1635 3182 ignotus,
1660 3087 1724 3161 iilo
1744 3085 1833 3168 uerti
1861 3087 1967 3159 berit-²

768 3185 901 3257 ficioirr
919 3203 1053 3257 metuo
1072 3207 1142 3256 non
1161 3204 1264 3255 notus
1286 3180 1420 3256 tantum
1441 3183 1531 3272 tibi,
1555 3180 1742 3268 sed-ctiam
1765 3180 1966 3256 devinciuai

768 3283 910 3352 minime
928 3283 1032 3374 potui
1060 3283 1239 3363 omittere,
1264 3281 1349 3373 quin
1368 3279 1476 3352 literis
1503 3279 1610 3364 meis,
1634 3279 1734 3352 istum
1748 3299 1847 3352 tuum
1870 3276 1968 3353 favo·

770 3397 844 3449 rem
861 3399 901 3450 ac
915 3379 1068 3448 animum
1085 3375 1328 3470 agnoscerem,
1353 3395 1394 3448 ac
1408 3375 1566 3472 ingentes
1584 3374 1648 3447 tibi
1663 3377 1790 3472 gratias
1811 3399 1830 3447 a
1876 3397 1968 3460 rem,

772 3491 953 3566 meamque
973 3491 1109 3543 tenuem
1121 3475 1270 3566 ope'ilam
1281 3520 1292 3556 ,
1316 3467 1342 3542 fi
1360 3473 1599 3566 qua'uo'quaru
1615 3473 1648 3542 in
1667 3495 1707 3544 re
1725 3471 1798 3568 ejus
1815 3491 1829 3542 t
1867 3473 1879 3545 i
1894 3469 1973 3547 usus

740 3627 744 3640 .
773 3565 840 3641 ess‘e
860 3588 988 3663 queat,
1011 3566 1155 3644 viciffim
1179 3567 1243 3639 tibi
1268 3563 1441 3640 offerrem.
1493 3566 1573 3661 Ego
1596 3567 1687 3640 vero
1716 3569 1802 3639 nihil
1829 3569 1944 3640 maiim
1958 3617 1969 3652 ,

773 3665 878 3760 quim
899 3664 1055 3758 aliquam
1077 3665 1160 3737 suhi
1185 3659 1306 3734 offerri
1329 3661 1572 3750 occasionem,
1598 3686 1667 3757 qua
1686 3664 1752 3738 usui
1769 3664 1876 3736 animi
1901 3665 1971 3738 mei

773 3760 1109 3856 promptitudinem,
1135 3759 1173 3833 &
1198 3780 1412 3854 quantopere
1428 3779 1497 3832 mae
1520 3758 1764 3836 beneficentiae
1777 3777 1900 3832 mutuo
1919 3783 1974 3832 re·

723 3885 727 3898 ·
775 3855 948 3951 spondere
969 3855 1081 3928 studio
1103 3854 1266 3949 cupiam,
1283 3855 1516 3929 demonstrare
1542 3879 1677 3952 queam.
1730 3855 1864 3950 Accipe
1887 3877 1973 3949 ergo

775 3953 813 4024 in
832 3955 961 4026 bonam
982 3970 1136 4046 partem,
1161 3951 1217 4022 vir
1240 3946 1435 4034 clariffime,
1459 3953 1557 4048 quod
1580 3952 1645 4027 tibi
1667 3975 1739 4026 non
1758 3954 1855 4025 aliter
1870 3969 1980 4026 notus

691 4093 697 4102 -
776 4045 927 4134 scribere
945 4067 1061 4120 tomen
1081 4042 1142 4120 im
1160 4041 1278 4132 ausus,
1294 4045 1333 4118 δι
1353 4049 1422 4122 hoc
1437 4051 1536 4124 carto
1553 4050 1617 4124 tibi
1633 4047 1821 4144 persuade,
1845 4048 1882 4118 in
1904 4069 1973 4121 me·

778 4143 913 4216 moreni
956 4157 1136 4239 ratumque
1155 4142 1332 4216 hominem
1354 4165 1391 4216 te
1409 4143 1498 4217 illud
1519 4145 1752 4243 nuperrimam
1764 4141 1972 4218 beneficium

779 4240 851 4312 toii
890 4281 892 4283 ·
966 4288 979 4324 ,
1004 4258 1072 4332 pro
1096 4263 1168 4334 quo
1183 4234 1246 4313 etfi
1264 4237 1331 4311 tibi
1350 4261 1443 4314 nunc
1461 4243 1559 4337 paria
1576 4239 1707 4317 referre
1723 4259 1798 4312 uon
1814 4235 1972 4333 possum,

733 4395 735 4398 .
782 4355 951 4422 attamen,
975 4334 1036 4414 ubi
1059 4336 1163 4410 modo
1181 4332 1327 4410 facultas
1352 4335 1470 4420 detur,
1494 4339 1588 4414 velle
1609 4335 1718 4410 intelli
1780 4385 1789 4404 .
1838 4333 1977 4409 interea

780 4433 871 4507 verd
917 4454 956 4504 ro
977 4432 1046 4506 hoc
1071 4430 1189 4506 debito
1215 4425 1391 4527 fidejustor
1413 4449 1517 4528 atque
1543 4355 1778 4528 expressisti?
1793 4430 1862 4502 erit
1881 4431 1977 4505 Geor·

779 4525 853 4621 gitti
915 4549 1095 4617 amantur,
1124 4528 1186 4623 qui
1211 4547 1249 4600 ut
1263 4547 1357 4602 tuam
1378 4530 1561 4604 amicitiam
1577 4529 1664 4603 nuhi
1680 4526 1900 4616 conciliavit,
1923 4526 1978 4602 ita

780 4625 906 4702 eodem
937 4625 1079 4702 sudore
1109 4625 1254 4702 eandem
1284 4623 1523 4706 conservatam
1554 4626 1600 4706 iri
1632 4623 1746 4726 spero.
1796 4623 1878 4724 Ego
1903 4622 1975 4734 ,iam

1896 4741 1968 4820 pria
