4680 5828
571 624 765 721 Emer.
795 619 1100 716 suendum
1129 646 1196 712 an
1224 617 1553 719 ulvansos.
1610 649 1663 734 31

473 847 550 898 rum
561 819 804 919 conjunctione
821 819 1125 896 constabiliremus.
1174 819 1285 916 Spero
1301 839 1415 893 tamen
1431 818 1529 907 fore‚·
1553 820 1591 895 &
1603 837 1663 912 tu,

473 919 660 993 Clarillrme
678 907 833 1003 Dodlor,
849 919 1043 1012 daoperam
1061 936 1226 1012 quantum
1243 936 1368 1012 potes,
1392 916 1464 1010 qud
1475 917 1662 1013 aliquando

468 1016 505 1086 in
522 1013 709 1088 Germania
728 1035 764 1086 te
778 1014 917 1087 videam
926 1063 939 1099 ,
965 1015 1002 1088 δι
1016 1013 1156 1086 ulterius
1170 1033 1231 1086 tuo
1247 1009 1342 1084 fruar
1357 1013 1530 1085 convillu.
1581 1012 1660 1088 Scis

468 1131 581 1184 autem
604 1112 692 1182 nihil
707 1133 764 1182 me
782 1111 891 1203 magis
909 1107 946 1180 in
973 1109 1067 1183 votis
1092 1109 1237 1192 habere,
1261 1107 1365 1202 quim
1393 1125 1432 1179 ut
1459 1108 1580 1202 polirm
1600 1110 1661 1204 Ju-

466 1203 706 1298 risprudentiae
730 1207 853 1278 nostrae
873 1203 1007 1289 studia,
1032 1204 1082 1274 ibi
1104 1207 1203 1277 nimis
1224 1204 1391 1300 jacentia,
1416 1225 1484 1298 pro
1511 1227 1588 1278 mea
1604 1207 1659 1279 vi-

464 1301 522 1374 rili
540 1303 709 1375 attollere.
759 1300 853 1395 Quae
877 1325 934 1374 res
969 1322 1137 1396 quantum
1174 1301 1259 1371 milri
1290 1321 1384 1372 curae
1409 1295 1524 1388 effer,
1558 1301 1658 1376 volui

463 1396 605 1470 abeunti
630 1395 694 1468 tibi
715 1399 870 1493 apertius
886 1397 1069 1470 declarare.
1118 1395 1254 1491 Accipe
1283 1395 1391 1488 igitur
1421 1397 1574 1489 primum
1589 1396 1654 1470 foe·

464 1508 538 1568 tum
557 1493 689 1589 ingenii
715 1515 735 1565 a
762 1511 798 1565 te
818 1490 958 1565 formati
988 1493 1024 1564 δι
1046 1491 1184 1564 eruditi.
1235 1485 1410 1564 Constitui
1439 1513 1555 1565 autem
1581 1494 1654 1569 hoc

462 1609 702 1682 argumentum
725 1587 863 1681 plenius
888 1588 1050 1673 tradate,
1067 1609 1146 1660 nam
1167 1609 1249 1684 quat
1263 1585 1384 1673 vides,
1408 1591 1650 1664 tantummodo

459 1683 629 1778 praeludia
652 1683 809 1779 quaedam
825 1683 905 1756 sunt
927 1685 971 1756 ad
989 1681 1211 1777 Jurr‘sronsulri
1225 1677 1446 1776 institutionem
1473 1679 1548 1776 (4)
1576 1687 1648 1780 pri·

457 1801 512 1850 ma
527 1779 637 1852 solum
651 1803 755 1852 manu
771 1781 886 1854 adhuc
905 1781 1095 1864 delineata,
1108 1802 1188 1874 quae
1203 1775 1282 1872 poll
1294 1777 1514 1872 diligentiore
1531 1775 1647 1854 studio

454 1897 520 1970 per
541 1879 652 1950 otium
668 1879 880 1952 excolentur.
907 1873 969 1948 Est
987 1897 1102 1949 autem
1121 1875 1182 1948 hle
1202 1875 1339 1947 libellus
1363 1873 1538 1968 praecipiti
1557 1897 1646 1970 quo·

455 1995 524 2066 que
546 1994 656 2067 opera
671 1972 868 2064 excipiente
888 1972 1068 2044 Hermanno
1088 1995 1165 2044 meo
1182 1992 1272 2042 ame
1289 1966 1460 2054 dictatus,
1482 1970 1522 2044 dc
1536 1993 1644 2065 quan·

480 2090 559 2139 uam
582 2067 718 2138 mendis
733 2087 811 2138 eam
827 2065 955 2139 scatere
971 2065 1086 2140 adhuc
1102 2065 1228 2153 sciam,
1253 2083 1368 2136 tamen
1384 2066 1478 2159 apud
1499 2086 1535 2139 te
1556 2069 1644 2143 nihil

454 2089 528 2234 ium
552 2162 700 2256 ineptire
731 2162 883 2258 veritus,
908 2159 995 2234 soles
1012 2183 1160 2257 namque
1175 2183 1215 2234 tu
1241 2161 1342 2255 nugis
1366 2163 1450 2233 meis
1472 2159 1644 2258 benignas

454 2255 537 2329 dare
560 2279 671 2331 aures.
720 2254 873 2352 Releges
892 2280 1006 2330 autem
1017 2307 1030 2344 ,
1054 2253 1094 2329 dc
1115 2255 1205 2350 ipse,
1231 2278 1312 2352 quae
1337 2258 1395 2332 vel
1413 2257 1641 2353 corrigenda,

450 2353 509 2424 vel
527 2353 706 2437 addenda,
733 2355 793 2424 vel
811 2351 992 2426 resecanda
1019 2353 1179 2448 putabis,
1202 2351 1375 2446 suggeres.
1410 2350 1493 2425 Tali
1513 2377 1639 2452 nempe

447 2446 551 2521 Morio
577 2449 703 2540 Judice
729 2445 801 2542 (5)
827 2449 1009 2543 quodlibet
1034 2445 1197 2522 delidlum
1222 2468 1356 2522 vertere
1381 2469 1522 2544 paratus
1549 2449 1635 2527 sum.

445 2540 657 2638 Ipseetiam,
682 2561 722 2616 ut
748 2543 843 2626 dixi,
877 2547 947 2618 hoc
987 2540 1079 2638 opu's
1111 2545 1156 2616 ad
1186 2546 1346 2618 incudem
1373 2543 1571 2633 revocabo,
1597 2549 1636 2624 δι

446 2640 617 2734 reliquum
641 2637 808 2736 perficere
832 2639 1021 2714 maturabo.
1074 2639 1173 2714 Hinc
1202 2643 1250 2715 ita
1277 2662 1321 2710 ue
1348 2641 1498 2712 animum
1520 2665 1635 2717 meum

445 2736 635 2832 intelliges,
661 2757 793 2832 quanto
812 2737 976 2812 videlicet
1003 2737 1116 2810 studio
1147 2761 1187 2810 ac
1216 2759 1236 2807 a
1265 2733 1342 2807 edlu
1378 2735 1488 2810 studia
1513 2739 1636 2813 isthaec

444 2829 625 2905 florescere
641 2833 791 2926 cupiam.
817 2829 966 2920 Quoties
982 2854 1117 2918 autem,
1135 2833 1319 2908 Clariffime
1338 2829 1499 2921 noceor,
1525 2834 1642 2928 Viglio‘

348 2949 351 2956 ’
445 2947 479 3000 te
504 2925 677 3002 obleblare
703 2929 825 3013 voles,
857 2929 952 3002 hunc
975 2929 1129 3000 libellum
1156 2930 1314 3002 manibus
1333 2927 1504 3002 versabis:
1531 2929 1632 3004 Nolo

443 3043 556 3098 autem
586 3043 624 3097 ut
648 3025 820 3104 muneris,
853 3021 910 3103 sed
943 3025 1159 3097 monumenti
1189 3025 1257 3098 mei
1282 3025 1363 3096 loco
1388 3025 1535 3105 habeas,
1562 3027 1630 3102 alia

441 3121 530 3190 enirn
555 3122 689 3192 ratione
714 3117 766 3213 (fi
791 3118 890 3194 Deus
916 3121 1041 3210 volet)
1065 3137 1163 3192 tuum
1190 3143 1239 3193 aes
1261 3119 1440 3193 dillolvam
1462 3174 1473 3207 ,
1496 3119 1630 3192 benefi-

440 3219 631 3310 centiaeque
654 3239 725 3290 non
751 3215 858 3290 ruodo
876 3237 969 3310 tuae,
996 3217 1237 3289 verumetiam
1262 3213 1529 3288 adolescentium
1550 3234 1627 3288 tuo·

439 3333 514 3380 rum
547 3313 690 3406 optimae
718 3313 829 3382 indoli
858 3313 896 3386 dc
926 3309 1000 3404 spei
1022 3308 1229 3401 respondere
1254 3312 1431 3383 conabor:
1459 3310 1623 3404 Quorum

437 3402 516 3478 sane
533 3407 680 3500 plurima
698 3429 778 3497 erga
798 3430 853 3478 me
872 3405 1037 3482 &officia
1058 3403 1095 3476 dt
1118 3403 1283 3478 beneficia
1308 3426 1436 3480 extant.
1471 3405 1566 3478 Nam
1584 3407 1623 3480 &

437 3523 551 3592 nuper
566 3501 708 3592 Journes
731 3501 951 3592 Pourgorrrrer
972 3502 1177 3596 sphaericum
1195 3505 1359 3573 annulum
1375 3503 1471 3574 dedit
1486 3503 1522 3576 dc
1535 3525 1623 3574 auro

434 3593 644 3690 pretiosum,
678 3597 714 3668 dc
746 3595 892 3668 artificio
918 3597 1177 3684 admirabilem,
1212 3598 1249 3671 dc
1278 3598 1355 3669 talis
1394 3595 1621 3670 adolescentis

434 3692 585 3766 amicitii
600 3716 644 3766 eo
665 3693 748 3765 mihi
763 3693 1015 3790 oppignorati,
1040 3695 1144 3789 longe
1159 3693 1397 3788 'gracillimum
1423 3688 1538 3764 Foelix
1560 3713 1621 3763 au·

1548 3805 1619 3858 tem

470 3974 534 4062 (4)
555 3975 769 4061 Jurrsconsulri
791 3975 1021 4060 institurlouou]
1044 3975 1099 4043 Est
1116 3977 1236 4043 titulus
1253 3975 1377 4049 libelli,
1404 3988 1444 4041 ut
1454 3975 1525 4072 ipse
1539 3974 1616 4044 lub-

427 4058 489 4126 dit.
531 4059 618 4126 Sunt
637 4075 753 4128 autem
765 4060 910 4147 dialogi,
932 4061 989 4126 seu
1006 4059 1095 4144 ilago
1121 4061 1165 4125 ici
1182 4059 1271 4126 libri.
1312 4059 1408 4124 Libri
1424 4060 1547 4141 pnmi,
1567 4061 1612 4128 de

426 4161 494 4224 quo
512 4141 583 4210 solo
600 4143 675 4221 hic,
695 4144 925 4238 interlocutor
948 4143 995 4210 est
1015 4079 1169 4230 Rupibus,
1192 4143 1289 4226 cujus
1304 4143 1340 4206 in
1364 4160 1407 4207 eo
1427 4141 1612 4210 sententias

424 4225 552 4302 refert,
580 4228 632 4292 uti
658 4227 775 4293 lcribrt
808 4227 851 4293 ad
887 4225 1036 4292 Hor’ooem
1072 4225 1281 4290 Hermonnum
1314 4231 1363 4291 16.
1391 4224 1488 4307 Sept.
1517 4229 1612 4306 1536.

424 4309 560 4390 quando
579 4311 727 4394 reliquos
746 4311 898 4376 nondum
916 4309 1123 4392 perfecerat.
1146 4301 1227 4374 Tum!
1249 4305 1296 4374 ll.
1312 4323 1347 4389 p.
1370 4311 1445 4388 376.
1470 4387 1476 4398 ,

462 4390 526 4473 (5)
548 4391 642 4457 Merio
665 4391 783 4488 judice]
821 4393 948 4458 Metius
981 4391 1165 4465 Suffetius,
1189 4388 1404 4455 Albanorum
1432 4385 1609 4467 orbator,

422 4482 577 4558 tempore
592 4475 687 4546 Tulli
710 4491 798 4561 regis
814 4476 1060 4544 Romanorum.
1103 4474 1179 4542 Cor.
1200 4471 1299 4554 Sreplr.
1324 4477 1356 4538 ιη
1374 4473 1460 4541 Diti.
1482 4467 1567 4555 Hill.
