4612 5850
517 575 720 674 mrsu.
756 566 1155 670 suencuam
1183 565 1513 668 orvans-os,
1552 579 1635 687 3⁶1
1762 534 1763 538 Ὗ

434 751 531 828 sarid
559 752 664 826 dilata
688 745 756 821 suit
779 739 976 841 responsio,
1009 743 1122 817 donec
1159 743 1230 818 huc
1251 744 1458 820 veniremus.
1506 745 1638 842 Neque

437 873 555 925 tamen
575 848 633 920 hic
658 844 752 917 aliod
775 841 949 938 supereo
977 837 1143 912 constimi
1181 835 1347 913 hedenus
1372 843 1510 936 potuit,
1534 848 1638 937 quam

442 947 538 1048 quod
557 939 656 1016 classe
683 939 798 1013 nostra
812 935 929 1012 versus
952 933 1157 1032 Hispaniam
1170 958 1288 1036 wnuper
1306 935 1474 1032 digressa,
1500 935 1536 1010 &
1557 941 1637 1033 (uri

440 1039 689 1134 intelligimus)
726 1031 878 1108 feliciter
909 1029 1059 1108 Gallicis
1103 1031 1297 1119 littoribus,
1332 1035 1369 1106 in
1403 1035 1529 1128 quibus
1561 1055 1636 1108 erat

464 1137 645 1221 ericulum,
674 1129 856 1229 perlediis:
878 1127 1012 1224 jusserit
1033 1127 1190 1222 Regina,
1214 1152 1255 1203 ut
1283 1127 1461 1223 Brutirnsts
1482 1153 1634 1224 quatuor

434 1161 531 1326 igno
546 1229 707 1303 Peditum
730 1223 982 1310 conscriberet,
1006 1224 1070 1320 qui
1086 1225 1128 1296 ad
1149 1245 1222 1296 orae
1243 1226 1425 1298 maritimae
1440 1226 1633 1301 custodiam

435 1321 724 1425 poffintdisponi.
772 1321 1174 1412 subsanatorem
1203 1316 1392 1414 injunstum
1430 1321 1479 1396 est
1508 1346 1633 1396 munus
1686 1313 1693 1328 ’

436 1421 655 1500 consultandi
672 1443 749 1493 cum
767 1418 889 1515 peritis
911 1417 964 1490 rei
980 1415 1183 1514 maritimae,
1209 1437 1359 1509 quonam
1386 1415 1491 1512 passo
1517 1418 1632 1500 nostra

434 1524 552 1594 littura
569 1539 691 1592 contra
719 1511 903 1588 Gallorum
922 1515 1059 1607 rapinas
1079 1511 1293 1607 injuriasque
1321 1511 1464 1587 defendi
1492 1536 1630 1612 queant

436 1615 547 1688 Brevi
562 1635 701 1710 quoque
730 1613 780 1684 ad'
804 1633 869 1687 vos
895 1609 968 1704 ipse
995 1607 1126 1683 Comes
1149 1609 1190 1679 ab
1214 1610 1376 1702 Arcnberg
1405 1612 1543 1700 veniet,
1568 1615 1631 1706 qui

434 1736 551 1786 coram
571 1708 737 1808 dispicere
763 1709 914 1802 poterit,
940 1729 982 1778 an
1015 1703 1157 1801 aliquod
1180 1705 1368 1778 remedium
1407 1709 1631 1802 peculiariter

433 1807 552 1882 Fristae
563 1807 845 1900 adbiberiqueat.
897 1799 988 1874 cnm
1004 1823 1117 1875 autem
1133 1801 1202 1873 hoc
1217 1819 1373 1896 tempore
1390 1829 1458 1875 non
1474 1803 1630 1876 viderem

432 1905 604 2002 Reginam
634 1903 726 1975 aliud
752 1897 1035 1987 constituturam,
1070 1919 1140 1970 non
1170 1899 1267 1969 volui
1294 1899 1386 1970 hunc
1415 1898 1630 1973 tabellarium

430 2005 571 2098 longius
599 2001 764 2072 detinere.
815 1995 963 2081 Gallus,
987 1997 1049 2090 qui
1077 1995 1113 2067 in
1145 1991 1367 2068 Germaniam
1396 1998 1440 2068 ad
1468 1979 1629 2080 Rhenum

433 2099 540 2192 usque
555 2095 670 2168 suerat
689 2090 906 2188 progressus,
931 2113 1009 2164 cum
1024 2113 1149 2186 magna
1166 2087 1423 2164 Germanorum
1440 2093 1630 2166 consterna-

344 2193 347 2198 ’
436 2197 533 2268 tione
549 2215 589 2264 ac
605 2189 815 2264 verecundia
835 2186 879 2261 ab
898 2189 1013 2258 nostro
1034 2187 1209 2270 exercitu,
1233 2189 1294 2280 qui
1319 2189 1451 2262 interea
1477 2187 1635 2263 Galliam

438 2287 646 2387 depopulari
672 2284 799 2380 ctepit,
824 2285 967 2356 domum
990 2283 1156 2357 tetradius
1174 2282 1222 2356 est
1235 2331 1246 2367 ,
1271 2303 1464 2358 tentaturus
1487 2283 1628 2360 fortasse

432 2391 471 2461 in
490 2383 686 2461 confinibus
704 2380 864 2454 Ducatus
886 2375 1198 2474 Luxemburgensrs
1225 2376 1249 2448 st
1280 2379 1364 2472 quid
1392 2381 1428 2454 vi
1455 2405 1630 2476 occupare

434 2504 551 2578 queat.
575 2480 716 2553 Interea
731 2477 817 2552 verd
827 2475 912 2550 Dux
925 2476 1105 2548 Matericiur
1113 2475 1258 2570 Alpium
1273 2471 1390 2552 fauces
1406 2478 1449 2549 ad
1465 2478 1629 2552 Clausam

431 2572 740 2671 Erembergensem
768 2593 998 2670 oppugnans,
1024 2572 1073 2644 eis
1096 2573 1230 2664 potitus
1248 2567 1315 2656 est,
1341 2574 1379 2647 δι
1407 2571 1524 2648 Caesar
1546 2598 1628 2648 cum

432 2675 531 2771 Rege
555 2669 796 2746 Romanorum
821 2669 856 2741 in
883 2686 995 2742 tutum
1022 2666 1190 2740 concedit.
1226 2664 1275 2738 Et
1293 2669 1488 2770 quanquam
1514 2669 1627 2766 pastis

427 2771 578 2846 'induciis
602 2765 865 2863 quatuordecim
893 2767 1050 2848 dietum,
1101 2762 1136 2834 ui
1161 2767 1220 2837 26.
1250 2761 1374 2837 Martii
1402 2787 1558 2860 coepere,
1583 2769 1627 2841 de

432 2865 685 2963 componendis
705 2859 948 2935 controversiis
973 2857 1067 2952 apud
1116 2858 1266 2931 ataviam
1291 2859 1411 2933 urbem
1438 2861 1483 2934 ad
1504 2847 1626 2936 Danu·
1665 2948 1669 2956 Ι

430 2965 529 3038 bium
544 2958 640 3033 stram
658 2960 841 3030 tradetur:
868 2977 931 3028 nos
947 2975 1062 3026 tamen
1087 2953 1178 3028 haud
1198 2974 1356 3046 magnam
1383 2955 1479 3050 spem
1508 2961 1625 3032 conci·

428 3081 516 3156 pere
538 3056 583 3129 de
604 3053 790 3127 concordia
805 3049 999 3145 possumus:
1025 3047 1140 3123 Caesar
1154 3071 1271 3123 autem
1291 3049 1405 3147 palfim
1421 3054 1457 3125 in
1473 3052 1625 3128 Germa·

429 3157 488 3228 nia
511 3152 661 3248 equitem
688 3147 914 3243 peditemque
945 3143 1139 3234 conscribit.
1189 3145 1270 3218 Nec
1301 3145 1407 3220 video
1439 3149 1494 3223 his
1523 3149 1623 3224 maiis

426 3249 536 3324 finem
553 3243 649 3342 posse
665 3245 832 3340 imponi.
848 3241 908 3316 nis
925 3261 963 3315 ut
979 3239 1051 3336 ipse
1064 3264 1183 3316 omnes
1200 3244 1292 3314 vires
1306 3241 1382 3316 suas
1398 3241 1501 3320 semel
1514 3247 1624 3342 expli·

427 3365 493 3422 cet.
548 3343 657 3438 Quod
675 3339 873 3415 urseliciter
887 3339 993 3414 faciat
1008 3335 1107 3412 Deus
1130 3339 1230 3413 nobis
1254 3342 1405 3413 orandus
1427 3339 1487 3414 est.
1512 3341 1622 3426 vale.

425 3436 628 3517 Domine&
641 3439 762 3512 Amice
777 3437 979 3536 cumprimis
992 3435 1207 3516 honorande.
1232 3435 1365 3514 Datum
1381 3461 1427 3513 ex
1441 3436 1624 3520 Namureo

419 3561 461 3631 4.
486 3538 586 3632 Junii
609 3559 699 3609 anno
729 3555 830 3626 1552.

428 3770 455 3806 „
470 3725 646 3795 Bruxellas
669 3737 821 3803 vocato,
841 3721 992 3791 suecerlit
1013 3721 1134 3792 doctor
1153 3720 1200 3786 Hi
1257 3723 1501 3810 lyrasPerfiaut,
1522 3727 1620 3812 cnjus

428 3811 508 3889 „da
536 3811 637 3894 ipsius
657 3810 893 3893 integritatem
922 3808 1065 3875 testatur
1093 3808 1127 3871 in
1157 3810 1277 3874 melus
1300 3825 1341 3876 ac
1370 3813 1477 3894 majus
1521 3811 1621 3878 rada-

423 3937 452 3974 .‚
469 3899 532 3962 tim
560 3893 649 3960 sada
675 3893 879 3978 promotio,
909 3894 967 3975 qui
998 3891 1147 3977 primum
1173 3909 1218 3957 ex
1246 3891 1392 3978 Hagenfi
1421 3909 1490 3959 con
1542 3895 1620 3962 orio
1722 3921 1724 3924 ·

316 3985 318 3992 ’
422 4021 451 4058 „
467 3975 593 4046 Praeses
620 3977 757 4052 Frisrae,
776 3974 813 4043 dt
830 3975 913 4042 inde
934 3974 1058 4042 Praeses
1078 3973 1228 4042 Ditionis
1249 3976 1485 4062 Ultrajedinae
1511 3975 1621 4044 faetus

418 4103 448 4142 ,‚
465 4062 555 4132 est.’'
571 4059 671 4131 Obiit
691 4057 872 4144 Ultrajesti
899 4075 990 4126 anno
1014 4063 1105 4140 1568.
1145 4057 1192 4126 V.
1224 4057 1296 4124 Van
1316 4060 1469 4126 Lemmata
1487 4059 1560 4130 Bar.
1580 4062 1620 4126 tl·

422 4147 508 4231 lustr.
532 4165 606 4231 pag.
640 4149 736 4215 1262.
765 4143 818 4212 col.
847 4161 877 4211 r.
897 4139 939 4208 Er
962 4141 1060 4212 Groor
1081 4139 1167 4211 Plus.
1196 4141 1234 4210 Β.
1258 4139 1330 4212 Van
1354 4143 1478 4213 Utrerbr
1495 4161 1528 4215 2.
1548 4144 1622 4214 dael,

415 4231 461 4300 ul.
481 4232 576 4334 r048.

462 4465 562 4579 'lam
587 4506 639 4583 ll.
1060 4500 1131 4580 Za
1269 4469 1271 4477 Ι
1507 4493 1625 4578 mut
