4882 5804
760 636 838 724 162
874 630 1114 734 VlGLII
1141 655 1206 726 As
1233 625 1497 726 AYTTA
1524 622 1900 729 ZUICHEMI

759 844 936 922 quentes,
961 825 1005 901 ad
1024 845 1095 902 tam
1115 847 1212 902 acres
1234 827 1391 921 parentis
1413 825 1530 900 literas
1557 822 1753 900 obaudias?
1776 826 1877 918 Solet
1899 827 1959 905 ittr

761 942 844 994 aetas
853 925 910 1010 ,in
922 947 993 1020 qna
1006 941 1045 996 tu
1057 925 1129 1021 jam
1142 923 1348 998 constitutus
1365 946 1420 1006 es,
1446 919 1540 1018 quast
1554 920 1625 1016 jam
1643 921 1804 998 defunsia
1825 924 1958 1000 adoles·

759 1020 883 1093 centiae
911 1023 1069 1106 lubrico,
1093 1021 1234 1095 tandem
1256 1020 1301 1092 ad
1322 1018 1481 1104 laudem,
1505 1019 1550 1090 ad
1569 1016 1766 1108 sortpnam,
1790 1041 1896 1117 atque
1911 1021 1958 1096 ad

761 1116 827 1188 alia
847 1115 974 1210 quibus
989 1116 1137 1213 sequens
1151 1117 1324 1213 indigebit
1339 1116 1423 1189 vitae
1444 1136 1602 1210 tempus,
1627 1111 1820 1208 respicere,
1852 1138 1960 1212 atque,

761 1213 911 1286 animum
937 1213 1088 1310 erigere:
1114 1233 1150 1287 at
1163 1232 1203 1287 tu
1218 1214 1345 1285 horum
1365 1211 1454 1286 adeo
1475 1212 1561 1282 nihil
1578 1210 1732 1306 cogitas,
1757 1231 1797 1284 ut
1820 1235 1861 1286 ea
1882 1237 1957 1286 om·

760 1308 819 1382 nia
835 1311 880 1382 ad
899 1329 978 1402 quae
998 1311 1056 1383 alii
1069 1308 1207 1384 summis
1221 1309 1341 1382 studiis
1360 1307 1539 1383 intendere
1556 1304 1691 1396 solent,
1714 1305 1810 1402 quasi
1833 1309 1881 1381 de
1902 1312 1955 1384 in·

703 1429 706 1434 ·
758 1403 888 1476 dustria
904 1403 1102 1480 subvertere
1118 1406 1303 1480 mediteris.
1355 1403 1450 1478 Nam
1464 1403 1654 1476 studiorum
1670 1423 1763 1476 certe
1779 1404 1879 1479 adeo.
1890 1407 1964 1484 tibi.

760 1500 855 1571 nulla
880 1499 946 1578 esse
971 1523 1054 1576 cura
1073 1501 1235 1586 videtur,
1260 1519 1300 1573 ut
1318 1503 1427 1574 multa
1450 1499 1691 1598 objurgatione
1710 1521 1803 1597 opus
1825 1501 1886 1592 stt,
1910 1503 1957 1577 ad

757 1595 893 1670 literam
913 1621 1016 1670 unam
1038 1599 1307 1692 exprimendam.
1334 1594 1393 1669 ot
1414 1596 1529 1671 sterile
1556 1597 1734 1691 ingenium
1759 1594 1873 1672 sinon
1892 1621 1957 1694 po·

746 1709 831 1764 res:
857 1694 912 1766 O!
925 1691 1160 1788 prodigiosam
1173 1693 1353 1776 inertiam,
1376 1692 1403 1764 st
1419 1712 1522 1788 potes
1537 1695 1696 1787 quidem,
1713 1691 1772 1766 sed
1784 1697 1956 1790 negligis:

758 1783 816 1858 Ot
840 1787 982 1884 impiam
999 1792 1237 1876 voluntatem,
1261 1787 1288 1862 fi
1307 1807 1347 1860 ut
1366 1807 1501 1884 patrem
1518 1784 1674 1877 crucies',
1700 1789 1787 1861 nihil
1809 1789 1959 1866 scribere

756 1882 909 1956 animum
928 1885 1091 1958 induxisti
1105 1905 1213 1959 tuum.
1262 1881 1410 1959 Miseret
1430 1908 1487 1958 me
1508 1886 1651 1959 nimium
1665 1884 1792 1981 optimi
1810 1890 1878 1959 viri
1897 1908 1957 1982 pa·

754 1978 817 2050 tris
838 1982 908 2062 tui,
933 1980 1012 2056 ciam
1036 2001 1161 2079 reputo
1177 1979 1284 2075 quim
1312 1982 1382 2053 hoc
1397 1983 1455 2054 ille
1473 1980 1569 2078 aegrd
1584 1979 1684 2056 serat.
1735 1978 1831 2053 Nam
1845 2005 1956 2080 quan·

755 2070 804 2145 do
817 2093 849 2149 te
865 2074 1065 2152 obduruisse
1078 2079 1190 2152 video
1208 2076 1251 2151 ad
1267 2097 1406 2150 omnem
1417 2097 1528 2148 meam
1539 2077 1831 2164 admonitionem,
1856 2081 1954 2176 equi·

758 2171 840 2244 dem
861 2197 905 2248 ne
930 2197 1069 2249 mantum
1094 2195 1238 2269 quoque
1260 2170 1436 2248 vicevetsa
1458 2191 1666 2268 propterte
1683 2176 1858 2248 verterim.
1907 2173 1957 2249 Et

755 2269 897 2362 qnando
918 2273 983 2344 tibi
1002 2273 1136 2367 volupe
1158 2267 1229 2352 est,
1253 2289 1309 2342 me
1326 2264 1464 2344 sortiter
1484 2290 1727 2352 contemnere,
1752 2291 1819 2367 ego
1843 2290 1879 2346 te
1903 2273 1956 2346 vi·

754 2363 864 2441 cissam
914 2390 954 2442 ro
979 2389 1025 2444 eu
1048 2365 1191 2441 omnino
1222 2362 1326 2444 effen
1351 2365 1530 2448 habiturus
1564 2365 1626 2477 qui
1649 2363 1770 2438 haberi
1796 2363 1952 2462 postulas

754 2482 836 2532 cum
859 2462 871 2530 i
946 2463 1108 2554 ignavia,
1135 2461 1196 2536 nisi
1218 2483 1274 2535 me
1287 2465 1419 2556 patris,
1442 2459 1553 2556 patris
1574 2479 1716 2556 inquam
1741 2462 1795 2534 tui
1816 2461 1963 2536 miseren

754 2577 819 2630 ret.
868 2559 984 2654 Quem
1001 2579 1035 2632 te
1055 2579 1109 2632 tot
1121 2557 1335 2654 sumptibus,
1361 2575 1415 2629 tot
1431 2557 1524 2630 curia
1545 2575 1607 2629 tuo
1625 2558 1766 2628 nomine
1789 2553 1953 2632 effessum

756 2675 828 2726 non
845 2657 954 2750 pudet
981 2652 1027 2726 fic
1052 2655 1173 2730 ludere
1200 2674 1241 2737 ac
1264 2672 1520 2736 contemnere„
1536 2668 1598 2738 ut,
1623 2649 1717 2748 qnasi
1743 2669 1782 2726 tu
1806 2677 1953 2750 magnus

627 2747 640 2770 ²
660 2743 665 2752 ’
756 2751 881 2846 aliquis
899 2775 960 2826 rex
976 2748 1055 2826 stes:
1080 2753 1138 2825 ille
1159 2770 1245 2824 vero
1258 2748 1329 2822 vile
1345 2748 1579 2842 mancipium,
1603 2745 1747 2844 dignum
1757 2745 1798 2821 stt
1813 2767 1848 2824 te
1863 2773 1953 2846 quo·

753 2849 883 2921 tidiana
902 2852 994 2923 illius
1009 2851 1045 2920 in
1064 2845 1247 2922 scribendo
1262 2843 1306 2917 ad
1329 2866 1363 2918 te
1380 2843 1561 2941 diligentia
1576 2843 1695 2931 abuti,
1719 2862 1824 2940 atque
1837 2843 1952 2944 ipsum

752 2965 816 3017 tuo
833 2941 967 3019 silentio
984 2941 1023 3016 dt
1040 2961 1243 3037 contemptu
1257 2939 1441 3014 ludificari.
1466 2939 1599 3012 Tribus
1615 2942 1707 3014 enim
1724 2937 1819 3016 sorte
1831 2941 1958 3018 mensi«

749 3037 841 3129 bus,
864 3039 888 3113 st
915 3045 981 3116 diis
1004 3043 1141 3137 placet,
1166 3038 1284 3113 multis
1297 3039 1395 3132 prius
1416 3035 1572 3130 epistolis
1583 3055 1725 3130 rogatus
1735 3035 1953 3132 ,justumn-

750 3140 956 3232 terpellatns
967 3190 977 3223 ,
989 3159 1029 3211 ac
1040 3136 1260 3232 objurgatus.
1272 3156 1380 3206 unum
1391 3133 1499 3206 mittis
1509 3129 1728 3229 epistolium,
1739 3155 1780 3206 ac
1791 3133 1886 3208 belle
1901 3133 1952 3210 sa·

752 3238 876 3328 nejam
894 3235 1062 3310 febricula
1102 3231 1302 3319 retexitur,
1308 3230 1381 3326 jam
1397 3248 1528 3312 tumor,
1548 3248 1610 3302 aut
1619 3231 1722 3303 ulcus
1734 3227 1830 3303 estin
1845 3254 1962 3306 mauu.

753 3325 793 3420 (o
802 3329 992 3426 lpnerilem
1002 3256 1134 3404 caulas
1143 3329 1159 3424 )
1169 3351 1264 3401 nunc
1276 3331 1378 3421 plura
1392 3323 1606 3400 sciliceteras
1617 3321 1859 3420 scripturus,ii
1869 3328 1952 3425 plus

751 3419 1389 3622 retractaretur
1408 3420 1674 3615 tarn:
1842 3424 1951 3596 εε

1830 3571 1842 3610 ,
1850 3593 1854 3600 r

685 3631 687 3636 “
752 3625 812 3696 vel
832 3645 945 3698 totum
965 3625 1035 3696 hoc
1062 3639 1201 3715 tempus
1226 3633 1329 3710 atque
1355 3613 1467 3688 otium
1487 3631 1607 3703 tunm,
1634 3613 1730 3711 qnod
1756 3635 1861 3706 pater
1878 3619 1964 3693 illic·
2077 3619 2080 3624 ’

750 3716 815 3793 suo
834 3743 961 3817 magno
974 3716 1113 3813 sumptu
1131 3715 1212 3795 alit,
1227 3711 1336 3784 literis
1347 3705 1389 3782 fit
1405 3707 1614 3784 destinatum
1630 3711 1666 3785 &
1677 3707 1824 3786 studiis?
1849 3711 1952 3808 Quo-

749 3819 816 3891 ties
835 3841 950 3893 antem
972 3815 1035 3888 tibi
1054 3806 1227 3886 inculcavi
1251 3805 1456 3902 potiffimam
1477 3805 1670 3881 studiorum
1689 3827 1824 3902 partem
1842 3807 1952 3906 scrip·

747 3914 882 3987 tionem
900 3911 967 3988 esse
983 3909 1138 3985 deberet
1163 3902 1238 3990 Cur
1257 3925 1328 3976 non
1353 3899 1474 3976 scribis
1502 3903 1624 3976 eadem
1647 3923 1776 3998 opera,
1800 3925 1873 3976 non
1898 3927 1953 3979 re·

748 4011 857 4104 periri
882 4011 1023 4085 nuntios
1058 4004 1120 4101 qni
1147 4025 1166 4075 e
1191 3999 1336 4073 Patauio
1357 3997 1556 4087 Venetias,
1586 4000 1646 4072 vel
1678 4021 1698 4072 e
1731 3998 1892 4077 Venetiis
1914 4000 1954 4078 in

750 4103 975 4182 Germaniam
989 4122 1081 4177 eant.
1130 4097 1206 4173 Cur
1219 4117 1291 4167 non
1308 4092 1428 4168 scribis
1452 4093 1489 4167 in
1508 4095 1594 4168 mari
1613 4117 1684 4168 non
1708 4090 1776 4169 effe
1797 4101 1960 4193 aquam}

746 4200 835 4276 Hoc
854 4224 948 4278 certe
965 4195 1125 4294 estquod
1143 4193 1250 4276 mibi,
1274 4189 1370 4286 qnod
1413 4191 1481 4264 atri
1490 4239 1505 4279 ‚
1529 4191 1625 4286 quod
1651 4192 1788 4264 caeteris
1803 4196 1873 4266 tuis
1890 4195 1954 4264 do·

745 4305 805 4374 let.
856 4299 952 4374 Hine
970 4295 1061 4370 enim
1085 4289 1300 4366 manifestum
1324 4213 1459 4382 prebes
1487 4285 1767 4376 documentum,
1800 4287 1960 4362 eundem.

745 4395 813 4472 elle
829 4397 864 4468 in
876 4395 1007 4470 caeteris
1017 4387 1273 4482 studiis,quem
1283 4403 1317 4458 te
1329 4385 1364 4455 in
1379 4381 1487 4457 literis
1501 4378 1693 4454 scribendis
1708 4383 1857 4475 praebet.
1867 4381 1964 4482 Ego„

742 4495 809 4595 qui·
828 4493 1029 4568 innumeras
1044 4485 1124 4588 post
1145 4484 1278 4562 abitum
1292 4501 1409 4559 meum
1434 4473 1596 4557 enitatis
1616 4477 1736 4554 litetm
1762 4478 1809 4554 ad
1831 4495 1867 4558 te
1890 4483 1962 4655 ple..

1940 4628 1964 4673 ί.
