4742 5814
535 541 729 642 uersu.
759 537 1072 658 suuncio
1099 563 1168 634 n>
1194 537 1526 642 nuvuusos.
1563 571 1653 664 μς

452 726 692 818 incredibilem
717 723 975 808 munitionem,
1007 721 1341 820 desperatorumque
1366 723 1545 798 hominum
1570 729 1649 800 dili,-

451 824 670 924 gentiffirnam
685 805 942 906 defensionem,
967 816 1028 913 spe
1044 815 1160 893 nostra
1177 817 1329 894 frustrati
1345 817 1471 896 sumus.
1521 817 1646 918 ltaque

452 939 585 998 mutato
600 914 791 993 obstmonis
808 939 958 1012 genere,
981 915 1147 1012 majorem
1175 915 1348 990 exercitus
1377 938 1512 1011 partem
1539 943 1651 992 exau*

450 1018 691 1097 notavimus,
717 1016 902 1106 complura
933 1013 1201 1110 propugnacula
1234 1013 1271 1086 δι
1300 1015 1512 1088 munimenta
1533 1018 1643 1094 erexi·

449 1130 545 1197 mus,
570 1109 686 1208 eisque
700 1107 858 1206 praesrdia
878 1130 933 1184 ter
955 1110 1050 1182 mille
1068 1109 1252 1197 Peditum,
1279 1105 1450 1204 Equitum
1465 1134 1552 1185 vero
1572 1131 1643 1184 tre·

408 1213 417 1263 l
447 1228 629 1298 centorum
644 1204 889 1304 imposuimus,
913 1203 1068 1302 fossaque
1088 1205 1125 1280 &
1140 1228 1266 1300 aggere
1281 1207 1551 1300 propugnacula
1567 1203 1645 1304 ipss

448 1308 583 1383 circum
603 1303 727 1378 urbem
737 1302 937 1398 junximus,
958 1321 996 1374 ut
1011 1311 1149 1374 omnem
1166 1320 1378 1375 commeatus
1407 1305 1455 1376 im
1483 1304 1647 1389 ortandi,

446 1401 508 1478 vel
530 1395 738 1476 excmreodi
761 1399 963 1474 facultatem
985 1395 1139 1472 hollibus
1162 1397 1408 1472 inhiberemus.
1456 1326 1508 1472 sit
1528 1397 1587 1472 bic
1604 1402 1642 1474 in

446 1493 612 1610 praesenci
636 1491 822 1572 obsidionis
842 1491 950 1570 slatus
983 1494 1097 1570 dmat.
1143 1491 1447 1588 Auabaptistarum
1465 1494 1553 1569 verd
1604 1495 1644 1572 ul

447 1613 542 1666 sntra
553 1591 677 1668 urbem
692 1611 799 1688 agunt
813 1591 1033 1666 incredibiles
1049 1613 1212 1677 errores,
1233 1589 1535 1688 abominandaque
1551 1589 1584 1666 sa
1621 1617 1644 1670 a

447 1687 487 1762 de
511 1685 677 1776 consilia,
697 1711 778 1784 quae
804 1691 865 1761 vel
890 1711 935 1762 ex
964 1709 1084 1761 eorum
1106 1688 1229 1770 libris,
1253 1689 1310 1761 vel
1342 1711 1387 1762 ex
1423 1689 1646 1784 captivorum

446 1782 774 1882 transfugarumqne
798 1781 1092 1874 confessionibus,
1117 1781 1436 1881 quaestionibusque
1466 1786 1650 1880 exploratu

447 1880 632 1972 habemns,
656 1880 758 1954 nimis
781 1877 886 1956 fuerit
904 1883 1050 1978 longum
1093 1879 1288 1955 erscribme.
1336 1879 1431 1954 Illud
1445 1902 1647 1955 tamennon

449 1973 499 2051 est
513 1979 818 2074 ptaeterenndum,
842 1978 936 2072 quod
957 1997 1046 2052 tame
1076 1977 1218 2074 rvulgd
1237 1977 1314 2052 haec
1338 1975 1429 2052 resta
1453 1975 1497 2050 ab
1514 1979 1648 2052 iterato

448 2066 617 2170 Baptismi
635 2073 859 2147 Sacramento
885 2073 929 2147 'co
955 2096 1081 2148 nomen
1100 2073 1249 2160 habeat,
1270 2075 1395 2150 multas
1419 2095 1534 2148 tamen
1557 2074 1659 2150 alias*

449 2166 711 2242 sceleratidimas
727 2170 904 2264 planeque
922 2097 1140 2244 detestabiles
1166 2167 1230 2244 snb
1257 2166 1291 2243 se
1315 2169 1464 2245 haerescs
1484 2192 1647 2267 compro

449 2266 592 2339 bendat.
645 2264 769 2359 Qualia
793 2263 841 2336 est
864 2266 943 2350 illa,
966 2287 1074 2361 caput
1091 2263 1165 2340 sere
1189 2265 1298 2341 totius
1315 2289 1435 2342 eorum
1453 2263 1648 2356 dodirinae,

450 2364 549 2458 qnod
573 2363 714 2435 tradunt
726 2411 739 2448 ,
765 2351 944 2434 Christum
969 2365 1005 2434 in
1028 2362 1130 2436 terris
1153 2363 1268 2438 adbuc
1288 2387 1439 2462 regnum·
1462 2360 1527 2436 srbi
1543 2387 1564 2436 a
1580 2387 1643 2459 pa-

447 2479 502 2532 tre
526 2453 727 2553 promissum
753 2453 847 2529 susce
873 2477 1018 2532 ¹tnrurn:
1050 2457 1203 2532 debuisse
1225 2479 1339 2534 autem
1363 2478 1498 2548 antea,
1526 2457 1643 2534 omnia

447 2551 971 2744 strenultatem
1001 2555 1401 2748 urrunnun
1423 2550 1651 2746 sollll'sss

450 2749 554 2821 diem.
604 2745 713 2820 Nunc
735 2747 823 2818 vcrd
849 2745 911 2819 ade
941 2769 1147 2842 erempora
1163 2748 1406 2838 restitutionis,
1482 2749 1560 2823 ibus
1578 2747 1645 2824 sci·

448 2843 534 2918 iicet
548 2842 603 2916 Re
630 2865 711 2914 num
730 2837 838 2914 lsrael
861 2838 996 2915 resfirni
1023 2841 1149 2927 debet,
1175 2846 1210 2916 in
1240 2867 1332 2940 quo,
1358 2845 1432 2920 exc'
1450 2867 1477 2918 rs
1503 2846 1549 2918 irn
1578 2843 1647 2932 iis,

449 2939 515 3012 soli
531 2941 582 3034 pii
601 2867 637 3012 ἐι
654 2937 735 3032 justi
755 2931 882 3042 vibiuri
897 2932 996 3024 sunt,
1020 2937 1057 3008 id
1104 2937 1177 3011 uod
1202 2961 1246 3012 ex
1262 2935 1468 3046 *subnotatis
1494 2867 1576 3015 ferg
1593 2940 1643 3015 sa·

449 3057 521 3108 crae
537 3032 720 3128 scripturn
734 3031 822 3104 Iocis
837 3029 1016 3103 astruunt:
1038 2961 1157 3105 Aaou
1187 3054 1219 3126 3.
1238 3031 1312 3106 ibus
1333 3034 1552 3108 Poenitcmini
1571 3037 1646 3112 &o

449 3129 558 3227 usque
585 3129 628 3201 ad
656 3147 817 3222 tempora
842 3125 1067 3210 restitutionis
1098 3129 1168 3203 &c
1202 3125 1307 3205 Matt.
1342 3151 1358 3204 u
1365 3153 1397 3224 3.
1430 3131 1513 3203 item
1538 3131 1648 3208 Matt.

449 3219 1064 3414 sb{⁵·,.blol.⁹1,lilln¹,.
1074 3219 1300 3416 affl
1312 3225 1415 3413 {ns
1414 3223 1644 3418 lilim

450 3423 509 3492 dr.
534 3425 592 3494 62.
618 3425 674 3506 65.
695 3419 753 3490 66.
777 3411 936 3490 Hierem.
964 3435 996 3507 3.
1023 3413 1114 3490 Dan.
1141 3437 1173 3488 a.
1192 3440 1225 3510 7.
1251 3415 1354 3492 Oseae
1379 3441 1411 3496 2.
1435 3415 1516 3514 joel
1544 3443 1576 3497 n.
1605 3446 1642 3516 3.

451 3515 559 3586 Amos
584 3539 617 3601 9.
639 3509 753 3586 Mich.
778 3533 813 3602 4.
847 3511 971 3610 Aggaei
996 3531 1027 3584 2.
1054 3505 1161 3586 Zacli.
1198 3517 1231 3588 8'.
1257 3513 1407 3590 Malach.
1433 3541 1466 3608 4.
1492 3515 1579 3591 psas
1605 3541 1641 3610 9·.

454 3630 511 3701 17.
527 3613 594 3680 ao.
622 3627 679 3679 ar.
707 3627 764 3708 2.²·
790 3617 846 3679 τό.
871 3630 934 3696 45.
958 3612 1016 3696 46.
1043 3603 1166 3703 ltaque
1189 3608 1260 3682 Pro
1288 3611 1368 3686 heta
1392 3610 1564 3709 quispiam
1589 3613 1643 3688 sn

448 3701 589 3810 periore
613 3701 798 3776 Autumno·
817 3703 908 3774 inter
934 3726 995 3777 eos
1018 3699 1182 3790 surrexit,
1208 3727 1230 3776 a
1290 3729 1332 3779 eo
1357 3711 1550 3784 revelatum
1578 3705 1648 3786 fibi

449 3799 653 3886 affirmans,
674 3821 712 3870 uc
732 3797 869 3893 Regem
898 3796 1150 3890 denuntiaret,
1182 3803 1244 3900 qni
1258 3803 1359 3875 uiam
1383 3802 1533 3876 Domini
1553 3827 1649 3900 pstea

448 3915 617 3994 pararet,
648 3898 709 3989 qui
740 3895 896 3990 impios,
932 3918 1021 3992 quos
1059 3905 1273 4002 omnes'eos
1301 3895 1367 3972 else
1396 3899 1555 3986 censent,
1582 3905 1647 3996 qui

451 3989 607 4090 ipsorum
624 3991 801 4064 erroribus
817 4013 887 4064 non
909 3985 1129 4078 concedunt,
1154 3995 1272 4088 gladio
1290 3991 1515 4090 persequatur
1531 3994 1570 4070 oz
1586 4023 1652 4072 erc-

449 4091 600 4184 tinguot.
649 4084 858 4189 Designatus
890 4106 1009 4160 autem·
1033 4084 1083 4158 est
1109 4087 1153 4162 ab
1181 4112 1224 4163 eo
1252 4086 1362 4179 Rex,
1395 4091 1524 4166 faterer
1555 4089 1649 4187 quis·

451 4187 547 4280 piam
563 4233 580 4267 ,
601 4185 712 4258 honio
729 4183 873 4280 juvenis
901 4181 1029 4278 viginti
1056 4179 1115 4256 sex
1141 4186 1221 4280 plus
1250 4187 1364 4260 minus
1397 4213 1505 4263 annos
1524 4199 1648 4266 'natus-

453 4277 529 4368 Qu
552 4303 574 4352 a
593 4281 731 4377 populo
755 4285 940 4376 receptus,
963 4279 1046 4352 ilico
1070 4275 1255 4356 facultates
1278 4283 1315 4355 i'n
1338 4287 1558 4362 communem
1587 4309 1653 4360 anv

453 4381 514 4450 lea
532 4375 732 4473 deportatas
747 4373 867 4464 mum,
892 4373 956 4453 fibi
977 4371 1185 4547 usugpavit,
1208 4375 1365 4476 Regium
1382 4381 1561 4462 Diadema
1580 4403 1655 4454 taer

1073 4491 1141 4566 eg
1506 4495 1660 4572 utaque
