4680 5828
573 611 765 710 uersu.
795 607 1102 708 sennenn
1130 634 1197 704 nn
1224 610 1555 716 nrvunsos.
1589 625 1669 736 n7

465 813 574 914 igitur
587 815 647 892 hic
661 815 733 890 inte
777 814 859 889 tetis
877 809 1027 889 officium
1035 861 1050 900 ,
1062 808 1154 910 justo
1165 814 1665 912 examineperpendere,quid

466 911 631 988 videatur
647 909 735 1080 Leg'
765 931 901 1022 atorum
921 906 1103 1022 sententiae
1121 910 1232 1017 magis
1258 913 1432 986 accedere.
1458 911 1665 1010 Jrrstr'nr'anur

464 1027 604 1098 autem,
621 1009 684 1105 qui
716 1032 735 1081 c
749 1028 864 1088 omma
875 1026 988 1102 prtma
1002 1005 1147 1082 Codrcrs
1163 1005 1487 1104 pandectarumque
1503 1009 1660 1084 editione

463 1107 687 1201 complexum
716 1103 911 1186 credebat,
951 1125 996 1176 an
1031 1126 1103 1176 non
1134 1098 1186 1174 est
1209 1122 1358 1200 propter
1389 1106 1518 1178 multos
1544 1129 1659 1180 novos

462 1199 558 1276 casus
578 1197 841 1296 praetermissos,
867 1200 938 1271 illic
955 1199 998 1271 ud
1014 1198 1201 1293 repetitam
1217 1198 1479 1388 =praeleslionem
1496 1203 1658 1293 coactus,

462 1297 500 1370 in
520 1301 723 1394 quamultas
743 1297 870 1394 adjecit
889 1295 1192 1369 Constitutiones?
1243 1298 1431 1382 ametiam‚
1456 1295 1536 1371 cirrn
1550 1299 1659 1372 inter·

459 1396 655 1489 pretandi‚
678 1395 716 1467 id
739 1395 814 1479 est,
851 1389 1109 1466 Commentaria
1129 1389 1302 1467 scribendi
1323 1395 1467 1468 licentia
1492 1397 1656 1491 adempta

460 1489 565 1576 esset,
590 1511 740 1587 quantus
765 1487 878 1562 statim
907 1489 1065 1561 cumulus
1084 1509 1364 1565 coaceruatorum
1380 1493 1522 1564 aliarum
1551 1489 1656 1587 super

459 1586 543 1660 alias
558 1583 790 1661 Novellarum
807 1583 991 1660 excrevit?
1018 1585 1074 1658 An
1093 1607 1164 1656 non
1185 1608 1228 1657 ert
1242 1610 1285 1657 eo
1304 1588 1522 1681 colligimus,
1547 1588 1653 1660 inter·

457 1685 687 1777 pretationem
723 1682 946 1778 prudentium
973 1677 1191 1755 necessariam
1207 1675 1320 1768 effe,
1352 1705 1432 1777 quae
1458 1684 1655 1758 exorientes

460 1776 669 1876 quaestiones
688 1779 871 1868 discutiat,
889 1779 947 1852 vel
963 1775 1163 1874 Principem
1182 1775 1310 1852 debere
1327 1776 1462 1874 semper
1481 1783 1651 1855 intentum

458 1873 542 1964 else,
568 1895 607 1950 ut
629 1899 743 1951 novos
763 1875 860 1950 casus
891 1876 993 1948 novis
1018 1873 1295 1948 institutionibus
1321 1873 1494 1951 diffiniat?
1520 1879 1567 1949 At
1594 1878 1653 1958 cui

456 1970 537 2066 post
567 1971 790 2066 Julir'nr'anum
822 1971 980 2066 Principi
1013 1995 1054 2046 ea
1085 1995 1170 2046 cura
1196 1970 1296 2054 fuir,
1332 1995 1437 2065 quum
1461 1973 1532 2070 jam
1559 1974 1655 2046 mille

457 2065 522 2140 stnt
545 2070 628 2139 anni
650 2068 749 2164 quod
765 2068 826 2140 ille
849 2068 998 2233 imperio
1020 2091 1099 2141 cum
1121 2087 1233 2140 morte
1251 2065 1433 2140 defunctus
1453 2065 1532 2142 est?
1546 2067 1651 2158 Quid

456 2165 577 2260 itaque
591 2163 888 2239 miramurimmen
904 2185 958 2236 am
970 2160 1136 2238 nuncelse
1147 2163 1484 2237 Commentariorum
1501 2170 1649 2254 molem,

484 2281 536 2332 oae
553 2259 690 2332 initium
713 2261 849 2355 accepit
865 2262 954 2332 intra
973 2259 1246 2354 quadringentos
1271 2265 1408 2334 annos?
1434 2261 1514 2335 Erit
1534 2284 1656 2336 autem

454 2283 601 2430 sonam
622 2354 705 2430 ‘usta
720 2359 859 2451 querela
880 2356 1015 2440 nostra,
1038 2357 1081 2430 de
1098 2355 1299 2452 Principum
1324 2358 1483 2450 ignavia,
1509 2362 1570 2454 qui
1597 2378 1653 2433 tot

456 2451 578 2529 seculis
595 2380 864 2528 sdccrelcentem
882 2473 936 2526 tot
951 2450 1208 2526 dubitationum
1234 2458 1409 2530 materiam
1431 2479 1501 2527 non
1528 2458 1651 2552 praeci·

454 2551 589 2626 derunt
638 2547 689 2622 Et
706 2549 819 2623 tribus
839 2549 955 2622 verbis
977 2549 1054 2644 lege
1071 2546 1201 2632 firmari
1219 2550 1353 2643 aliquid
1380 2547 1492 2645 pollet
1509 2555 1552 2626 de
1577 2576 1651 2646 quo

455 2649 548 2742 apud
566 2645 695 2742 viginti
713 2642 896 2740 scriptores
912 2667 977 2742 per
994 2646 1121 2720 multas
1136 2647 1280 2742 paginas
1298 2644 1504 2743 disputatur.
1554 2647 1655 2721 Puto

453 2742 569 2838 itaque
585 2744 621 2814 in
639 2745 705 2816 hac
728 2735 1140 2836 Principumcelsatione
1164 2743 1313 2816 omnind
1343 2741 1559 2817 necessariam
1583 2746 1652 2820 esse

453 2840 791 2912 commentationem.
843 2836 976 2911 Sed&
1003 2837 1422 2936 tum,ci1mvigilabant
1447 2839 1651 2938 Principes,

455 2935 492 3014 &
514 2937 598 3010 huic
616 2935 668 3009 rei
685 2957 904 3029 magnacum
928 2936 1030 3007 lande
1052 2959 1197 3032 operam
1225 2935 1378 3022 dabant,
1408 2955 1506 3009 erant
1532 2959 1650 3012 tamen

452 3031 596 3128 plurimi
611 3055 693 3127 egre
720 3033 743 3103 'i
755 3029 1022 3122 Jurisconsulti,
1046 3033 1083 3106 δι
1102 3032 1127 3103 ii
1150 3053 1272 3105 omnes
1298 3057 1341 3105 ex
1369 3056 1517 3128 quorum
1543 3034 1649 3109 inter-

452 3131 649 3296 pretatione
738 3123 907 3224 responfis
934 3124 1121 3202 Pandcsiae
1146 3125 1225 3202 sunt
1252 3123 1415 3224 digestae,
1441 3131 1501 3224 qui
1519 3129 1653 3206 Edisla

483 3247 666 3313 raetorum,
698 3221 903 3319 Principum
937 3221 1243 3312 Constitutiones‚
1278 3223 1650 3302 senatusconsulta&

452 3319 569 3416 Leges
586 3320 921 3416 interpretabantur,
946 3339 987 3393 ut
1009 3317 1047 3392 δι
1074 3320 1165 3393 tituli
1188 3319 1382 3406 librorum,
1408 3323 1468 3418 qui
1489 3321 1551 3398 soli
1587 3347 1647 3398 ex-

451 3436 548 3505 tant,
570 3415 650 3490 satis
669 3419 784 3490 adhuc
807 3415 1006 3490 ostendunt.
1054 3413 1139 3490 Non
1169 3411 1247 3488 sunt
1272 3417 1392 3514 iraque
1414 3421 1559 3496 omnino
1574 3411 1646 3494 'ex-

451 3515 621 3614 plodendi
645 3513 706 3606 qui
725 3511 991 3586 Commentariis
1009 3510 1154 3586 aliorum
1173 3513 1407 3588 dubitationes
1431 3518 1647 3590 incuirendi-

452 3635 522 3710 que
545 3611 701 3683 laborem
716 3605 908 3702 sublevant.
957 3606 1090 3681 Verirm
1119 3609 1209 3683 ratio
1262 3613 1355 3686 otius
1384 3611 1421 3684 &
1449 3573 1648 3688 nletnodus

451 3705 639 3806 quaerenda
659 3705 798 3780 videtur
828 3705 1096 3800 interpretandi,
1121 3729 1195 3790 earn
1224 3633 1260 3778 st)
1278 3708 1484 3780 haberemus
1508 3712 1567 3782 vel
1595 3705 1647 3782 se·

451 3827 657 3902 queremur,
683 3803 884 3874 tolleremus
902 3799 1042 3876 sortallis
1059 3825 1197 3875 omnem
1213 3801 1370 3876 nauseam
1386 3825 1465 3896 quae
1481 3805 1644 3900 plerique
1667 3889 1676 3906 ·

453 3927 497 3978 ex
518 3899 857 3976 Commentariorum
879 3897 1032 3972 rectiore
1057 3896 1232 3986 nascitur,
1269 3900 1307 3974 ἃ
1335 3901 1564 3974 minueremus
1590 3923 1648 3976 tot

451 3997 712 4077 Commentario
728 3998 938 4090 modumque
964 3997 1220 4090 imponeremus
1244 3991 1540 4090 scripturientium
1566 3995 1647 4070 libi·

449 4093 555 4168 dini.v
585 4091 773 4166 Scribimus
795 4113 908 4166 aurem
927 4088 1060 4164 indocti
1072 4090 1235 4188 doslique
1250 4103 1414 4186 poemata
1424 4091 1562 4186 pallm,
1587 4093 1648 4167 scd

449 4181 585 4265 indodi
605 4190 667 4286 qui
699 4191 828 4263 nullam
846 4208 956 4261 artem
974 4187 1145 4262 scribendi
1163 4209 1300 4270 tenent,
1327 4211 1368 4260 ea
1392 4210 1471 4283 quae
1495 4187 1649 4262 brevilsr·

450 4285 509 4362 ms
527 4284 597 4363 dici
611 4304 802 4380 poterant,
825 4286 861 4358 in
886 4288 1031 4382 longum
1062 4285 1271 4368 extendunt,
1296 4285 1334 4357 &
1368 4305 1447 4379 quae
1476 4283 1567 4358 bene
1594 4285 1647 4358 di·

478 4382 547 4457 esta
575 4381 740 4478 adjuvare
767 4401 953 4478 poterant,
978 4379 1119 4456 confusa
1145 4379 1189 4454 ab
1216 4380 1285 4452 illis
1307 4380 1509 4475 impediunt.
1559 4379 1647 4454 Dia-

521 4481 609 4556 icam
626 4499 711 4578 ergo
731 4474 886 4567 didicisse
903 4477 1079 4558 debebant
1097 4477 1149 4566 ii,
1171 4478 1233 4574 qui
1258 4476 1341 4552 huic
1370 4477 1485 4580 laboti
1504 4499 1667 4647 mansum·

1587 4588 1655 4646 unt
