4742 5814
687 634 773 746 ηε
808 620 1051 730 uteru
1075 645 1147 717 re
1174 615 1449 717 tutuo
1467 613 1839 766 zutcttmnu

499 838 643 948 m.
885 839 1400 944 entonoun
1480 840 1710 946 cure

515 961 640 1026 molli.
1892 977 1901 994 ·

831 1089 1257 1186 Amorum
1321 1089 1788 1232 Alectnro

514 1040 571 1106 sol.
593 1045 661 1106 108·

536 1321 642 1415 ¹538·
696 1321 908 1414 Alaiatum
935 1317 1106 1408 honorat
1130 1317 1188 1414 δ’
1203 1317 1387 1430 extollit,
1415 1317 1502 1438 ipse
1520 1324 1572 1410 de
1589 1318 1743 1434 console
1758 1319 1908 1413 rhetor

742 1431 892 1550 fhdtas.
959 1431 1153 1551 Parerga
1192 1429 1304 1524 ttttus
1340 1442 1506 1550 expetit.
1573 1431 1843 1553 hieronymus

918 1546 1130 1636 Aleaader
1158 1553 1206 1638 io
1236 1548 1504 1642 Germaniam
1531 1549 1676 1666 missus.

701 1779 834 1948 Diu
852 1776 1028 1878 quaelitam
1048 1779 1091 1854 ad
1116 1797 1153 1854 te
1174 1777 1348 1855 scribendi
1377 1783 1679 1877 oportunitatem,
1700 1779 1905 1880 Praeceptor

815 1877 1116 1972 incomparabilis,
1141 1877 1271 1953 obtulit
1293 1878 1434 1952 tandem
1458 1879 1602 1954 Andreas
1622 1901 1643 1950 a
1663 1880 1783 1956 Kelita
1799 1882 1909 1978 hujuo

698 1979 827 2051 nostrae
840 1975 969 2050 scholae
985 1976 1156 2048 alumnus.
1205 1973 1379 2070 Quicum
1405 1977 1592 2052 admotam
1613 1997 1706 2072 pene
1727 1974 1823 2068 Jurio
1842 1977 1905 2052 Ci-

698 2074 781 2146 vilis
798 2073 949 2147 studium
967 2095 1037 2146 non
1065 2069 1251 2146 infeliciter
1275 2067 1441 2156 duxisset,
1465 2069 1562 2144 haud
1580 2073 1661 2148 alibi
1687 2073 1796 2170 magio
1826 2071 1905 2172 spe·

699 2169 832 2244 ciosum
854 2169 1102 2265 Colophonem
1115 2169 1297 2265 imponere
1314 2167 1346 2243 se
1374 2168 1408 2243 ei
1425 2165 1523 2265 posse
1542 2167 1711 2257 credidit,
1736 2169 1843 2265 quim
1866 2174 1906 2246 'm

699 2265 823 2354 leant,
849 2267 957 2364 idque
980 2263 1152 2339 Bononiae
1170 2265 1231 2342 sub
1256 2287 1291 2341 te
1317 2261 1475 2339 Dooore
1510 2266 1686 2354 omnium,
1710 2285 1799 2359 quos
1825 2267 1906 2344 haec

701 2382 788 2438 aetas
821 2365 936 2438 nostra
961 2362 1089 2450 habet,
1113 2360 1218 2439 facile
1242 2359 1524 2459 prestantiffimo
1574 2359 1662 2437 Dici
1687 2383 1804 2436 aut-em
1831 2385 1910 2438 non

729 2460 817 2535 otest
868 2481 976 2535 uento
993 2457 1096 2534 fimus
1119 2459 1249 2555 gaudio
1267 2461 1457 2542 cumulati,
1480 2456 1579 2551 quod
1596 2479 1668 2533 non
1684 2459 1792 2534 modd
1807 2479 1841 2534 te
1858 2483 1906 2536 ex

700 2479 799 2630 fatali
815 2485 875 2631 illi
897 2557 1070 2631 bellorum
1091 2557 1248 2653 procedi
1278 2555 1329 2640 tui
1350 2557 1406 2634 siu
1425 2556 1525 2620 nete.
1554 2552 1622 2631 tibi
1647 2553 1837 2650 studiisque
1862 2580 1907 2634 ac

702 2650 818 2728 Musis
842 2653 1054 2738 restitutum,
1086 2673 1209 2725 verum
1233 2651 1336 2724 etiam
1363 2652 1409 2723 ad
1427 2650 1596 2723 summum
1625 2651 1805 2728 litterariae
1821 2675 1906 2749 pro-

701 2744 850 2824 feslionis
865 2751 1037 2824 honorem
1055 2743 1237 2821 Pontificio
1255 2745 1404 2820 Maximi
1420 2747 1553 2844 judicio
1576 2747 1802 2847 omniumque
1821 2773 1906 2824 con·

702 2841 855 2920 sensu&
872 2841 1041 2942 applausu
1061 2843 1221 2920 evectum
1243 2837 1308 2916 esse
1333 2842 1580 2918 intelleximus.
1630 2841 1681 2918 Et
1706 2867 1754 2941 qu
1824 2869 1911 2920 uam

703 2935 867 3017 Bononia
888 2945 1043 3018 omnium
1064 2935 1339 3108 Gpmnastorum
1367 2939 1474 3034 nostri
1492 2959 1560 3014 tem
1588 2939 1658 3013 oris
1678 2935 1780 3016 facile
1852 2943 1906 3040 gi·

704 3061 750 3112 na
775 3040 962 3128 habentur,
985 3035 1094 3113 visae
1144 3057 1259 3112 tamen
1280 3033 1454 3132 plerisque
1469 3035 1543 3130 ejus
1607 3035 1723 3130 aiestas
1747 3037 1906 3114 nonnihil

705 3135 923 3226 decrescere,
947 3139 1061 3211 donec
1076 3157 1170 3208 nunc
1192 3156 1256 3230 per
1278 3152 1313 3206 te
1329 3135 1510 3229 pristinum
1525 3131 1699 3206 honorem
1719 3133 1904 3212 defamem

703 3235 951 3327 recuperavit,
976 3233 1061 3305 dum
1086 3230 1255 3306 videlicet
1284 3251 1357 3302 non
1374 3247 1508 3304 tantum
1539 3250 1583 3300 ex
1608 3231 1683 3323 ejus
1704 3232 1904 3308 celebritate

705 3347 766 3400 rua
792 3331 913 3422 augeri
948 3326 1174 3411 existimatio,
1208 3345 1375 3422 quantum
1404 3347 1450 3399 ex
1475 3321 1537 3398 tui
1567 3323 1691 3400 illustri
1713 3329 1828 3422 glotii
1852 3331 1905 3403 vi·

705 3422 809 3496 ciffim
827 3425 1021 3496 ornamenti
1041 3445 1083 3494 nc
1108 3423 1245 3497 decoris
1268 3419 1342 3515 ipsa
1355 3423 1513 3517 recipere
1529 3419 1680 3498 videtur.
1730 3419 1812 3518 Ego
1842 3447 1902 3498 au·

705 3540 778 3600 tem
797 3515 1095 3593 lltustriffimorum
1125 3519 1326 3612 Principum
1350 3513 1510 3590 Bavariae
1532 3511 1765 3612 postulatione
1780 3519 1826 3594 ad
1843 3522 1912 3596 do·

708 3615 813 3690 cendi
827 3639 968 3712 quoque
983 3613 1199 3690 suniiionem
1211 3613 1316 3698 redii,
1339 3611 1451 3688 fadi-us
1467 3611 1532 3710 (ut
1551 3635 1688 3687 mecum
1698 3612 1771 3711 ipse
1781 3615 1908 3712 joret)

704 3711 755 3806 de
777 3711 931 3788 Consule
953 3707 1103 3786 Rhetor.
1151 3708 1203 3782 Et
1222 3709 1315 3782 hand
1330 3709 1516 3784 illubenter
1536 3709 1691 3786 oblatam
1714 3709 1907 3788 studiomm

735 3809 884 3897 uietem,
924 3811 962 3882 in
997 3805 1094 3882 tanti
1124 3803 1220 3902 apud
1246 3828 1312 3881 noe
1337 3807 1537 3880 mortalium
1572 3803 1906 3906 dinenfi0n0,q,11ae

745 3905 936 4000 espublicas
956 3925 1028 3976 non
1039 3900 1262 3978 mediocriter
1278 3900 1487 3990 tabefattat,
1510 3901 1740 3999 splendidiori
1754 3901 1906 3980 fortune
1994 3941 1998 3951 ·

709 3995 930 4095 &dignitati
953 3995 1124 4072 consulari
1138 3997 1332 4095 anteposui.
1381 3999 1526 4096 Paterga
1541 4019 1600 4074 tua
1628 3999 1723 4076 hisce
1739 4003 1908 4077 nundinio

707 4091 1057 4170 Francsordienstbus
1092 4092 1346 4191 expectamus,
1380 4091 1526 4170 Bmteae
1559 4097 1653 4170 enim
1680 4101 1807 4174 excudi
1818 4153 1832 4188 ,,
1862 4098 1907 4172 ab

709 4193 840 4272 claudio
862 4191 1076 4268 contiuncula
1094 4193 1307 4286 accepimus.
1356 4189 1593 4267 Gratiffimum
1610 4211 1726 4268 antem
1746 4191 1907 4268 studofie

707 4289 867 4366 omnibus
891 4285 1020 4373 serisii,
1047 4289 1117 4385 'qui
1141 4285 1223 4385 ipsis
1253 4287 1393 4364 tandem
1418 4291 1534 4364 lucem
1571 4285 1794 4362 concess'eris:
1818 4287 1905 4390 milri

706 4386 795 4461 vero
812 4407 931 4459 eorum
948 4382 1055 4459 tectio
1073 4387 1144 4459 hoc
1162 4387 1227 4458 erit
1241 4383 1453 4480 jucundior,
1502 4383 1573 4458 uod
1599 4383 1680 4458 cium
1701 4406 1746 4458 ex
1762 4383 1812 4458 eis
1826 4385 1904 4481 ple·

703 4501 810 4581 teque
831 4483 892 4560 vel
903 4481 1048 4582 publice
1071 4481 1131 4558 vel
1155 4482 1322 4582 privatim
1346 4409 1545 4560 meremini
1571 4481 1757 4584 voluptate
1780 4479 1841 4556 abs
1867 4500 1907 4556 te

1781 4594 1905 4662 ww&
