4680 5828
683 646 740 744 68
795 643 1030 747 VIGLII
1056 673 1122 744 aa
1149 639 1410 756 AYTTA
1436 661 1808 776 ZUICHEMI

682 824 780 898 Nam
806 825 926 902 ubiad
943 827 1003 924 Jus
1020 829 1219 908 discendum
1244 839 1396 914 animum
1418 851 1510 944 coepi
1538 852 1710 948 adicere,
1735 861 1815 940 edm
1838 893 1879 946 ea

683 939 819 996 tantum
842 946 996 999 tenerem
1012 951 1091 1023 quae
1119 930 1155 1002 in
1170 929 1310 1009 Scholia
1331 939 1538 1037 didicissem,
1627 956 1878 1056 intelligerem,

684 1018 780 1092 haud
796 1021 845 1094 ita
861 1023 1007 1095 multum
1027 1024 1112 1097 mihi
1130 1031 1298 1124 temporis
1316 1030 1486 1130 superesse
1505 1045 1548 1117 ad
1569 1052 1776 1140 etaliteras,
1801 1063 1878 1158 qni·

683 1114 751 1188 bus
783 1136 885 1191 antea
914 1119 1053 1192 deditus
1088 1143 1202 1211 eram,
1236 1133 1397 1203 nonani
1433 1139 1592 1229 Ciceroni,
1625 1169 1692 1222 nec
1721 1155 1878 1249 plurium

683 1210 869 1286 authorum
884 1214 1043 1298 lectioni,
1070 1235 1109 1288 ut
1131 1239 1210 1291 ante
1227 1245 1283 1295 eas
1305 1222 1407 1300 horas
1427 1230 1633 1330 'diviseram,
1664 1267 1787 1324 vacare
1813 1276 1878 1350 po·

683 1308 759 1393 tui,
783 1305 843 1382 sed
864 1310 987 1382 ordine
1004 1308 1157 1406 singulos
1177 1315 1332 1413 quosque
1352 1324 1522 1416 probatos
1539 1335 1576 1407 &
1592 1359 1728 1416 veteres
1749 1349 1874 1424 autho·

682 1421 738 1475 res
755 1407 1012 1497 percurrebam.
1064 1405 1305 1495 Quamobrem
1320 1441 1365 1489 an
1383 1442 1452 1494 non
1474 1430 1577 1501 mirer
1592 1435 1660 1506 tale
1683 1441 1787 1514 etiam
1816 1449 1877 1520 ali·

683 1500 771 1592 quid
790 1501 876 1573 mibi
894 1525 912 1572 a
928 1519 961 1573 te
981 1501 1113 1588 tribui,
1131 1509 1231 1600 quale
1251 1513 1411 1608 plerique
1433 1521 1500 1609 toti
1520 1521 1673 1602 Tulliana
1692 1535 1877 1616 imitationi

682 1594 940 1679 incumbentes,
965 1593 1143 1692 srjusta&
1164 1603 1301 1699 integra
1320 1631 1429 1703 opera
1451 1620 1509 1688 vel
1525 1626 1709 1704 morientes
1733 1633 1877 1712 assecuti

682 1687 829 1774 fuerint,
854 1690 975 1764 beatos
1008 1692 1041 1766 se
1066 1693 1292 1774 existiment?
1327 1703 1487 1798 lngenud
1518 1715 1635 1811 itaque
1662 1723 1794 1819 fateor,
1819 1757 1877 1808 me

684 1779 857 1859 Ciceronem
874 1809 1050 1880 nunquam
1069 1788 1259 1882 imitatum,
1282 1793 1340 1871 sed
1357 1799 1498 1876 forsitan
1519 1812 1652 1905 aliquid
1671 1823 1755 1896 olim
1772 1849 1875 1903 exeo

683 1878 860 1968 didicisse,
885 1882 983 1978 quod
997 1881 1054 1956 sna
1067 1882 1209 1979 sponte,
1237 1886 1307 1964 sine
1326 1898 1396 1969 ulla
1414 1898 1572 1977 inritandi
1585 1911 1797 2011 intentione,
1813 1927 1874 1999 ali·

679 1975 766 2072 quid
784 1977 894 2050 stilum
911 1977 1063 2053 nostrum
1089 1983 1233 2078 adjuvit.
1285 1985 1360 2064 Ubi
1373 2017 1461 2070 vero
1481 1997 1578 2090 Juris
1602 2009 1796 2090 rudimenta
1819 2043 1875 2096 ut·

680 2095 820 2168 cunque
843 2096 947 2170 perce
974 2073 1092 2163 issem,
1119 2079 1157 2150 &
1167 2083 1238 2176 jam
1258 2083 1362 2162 etiam
1385 2094 1552 2184 paulatim
1571 2097 1754 2182 doctorum
1781 2139 1876 2188 com·

680 2170 848 2244 mentaria
865 2099 1067 2258 invisgrem,
1087 2171 1237 2252 offensus
1252 2186 1413 2262 nonnihil
1425 2190 1618 2285 impolitis,
1645 2200 1875 2308 barbarieque

679 2285 825 2351 eorum,
851 2287 940 2360 quos
960 2284 1075 2341 tamen
1096 2269 1257 2347 videbam
1283 2299 1399 2355 rerum
1421 2288 1743 2381 cognoscendarum
1772 2307 1874 2384 causa

679 2380 754 2432 non
776 2357 873 2456 posse
894 2365 1036 2436 omnino
1066 2371 1265 2452 contemni,
1297 2371 1390 2454 forte
1415 2385 1501 2456 mihi
1523 2391 1621 2465 venit
1644 2395 1680 2466 in
1701 2421 1875 2496 mentem,

681 2477 722 2529 ut
738 2479 870 2532 novum
886 2457 1062 2551 quoddam
1090 2463 1245 2537 imitandi
1259 2489 1366 2562 gertus
1395 2474 1618 2556 instituerem.
1668 2489 1762 2566 Nam
1793 2498 1873 2573 crim

680 2549 785 2625 etiam
810 2554 993 2648 prolixitas
1018 2554 1252 2653 Interpretum
1274 2563 1445 2642 fastidium
1478 2595 1652 2665 moveret,
1685 2587 1722 2660 &
1749 2594 1872 2668 miram

679 2647 904 2734 brevitatem,
930 2673 1128 2747 metamque
1146 2658 1317 2749 quandam
1333 2663 1433 2737 latini
1449 2667 1615 2754 sermonis
1633 2682 1869 2783 elegantiam,

678 2743 717 2817 in
737 2741 989 2838 Jurisconsultis
999 2750 1305 2828 animadverterem
1315 2807 1327 2843 ‚
1353 2785 1396 2834 cx
1412 2787 1561 2856 quorum
1577 2770 1676 2848 libris
1688 2779 1871 2860 Pandesiae

679 2837 759 2914 sunt
775 2839 1042 2931 consarcinatae,
1067 2865 1142 2918 tum
1162 2870 1302 2944 quoque
1319 2855 1356 2927 in
1380 2861 1601 2958 antiquorum
1623 2871 1871 2968 imperatorum

678 2933 996 3012 ¹Constitutionibus
1009 2989 1021 3026 ,
1045 2943 1107 3036 qui
1126 2941 1299 3034 ,σύγκιιιιι
1326 2949 1428 3027 fuere
1459 2957 1807 3062 Jurisconsultorum,
1834 2981 1872 3052 dc

680 3056 831 3130 quorum
850 3036 886 3108 in
917 3036 1051 3132 legibus
1069 3035 1222 3114 serendis
1244 3051 1550 3148 concipiendisque
1575 3063 1717 3140 consilio
1737 3072 1869 3150 &stilo

679 3129 884 3215 urebantur,
909 3134 1000 3228 coepi
1022 3131 1222 3224 confilium,
1247 3161 1287 3214 ut
1309 3167 1388 3238 quae
1406 3148 1442 3219 in
1454 3149 1588 3226 Scholis
1609 3161 1783 3254 audirem,
1809 3176 1869 3247 vel

681 3248 761 3322 quae
777 3229 944 3322 legerem,
967 3234 1144 3326 praecipue
1165 3235 1259 3329 apud
1286 3239 1466 3316 Bartholum
1485 3247 1712 3346 interpretum
1734 3262 1869 3342 nostro·

680 3344 759 3394 rum
783 3321 1047 3419 Coryplraeum,
1071 3350 1111 3399 ea
1129 3332 1338 3421 quotidianis
1364 3336 1720 3429 Commentationibus
1739 3363 1775 3432 in
1795 3387 1869 3438 eam

679 3417 847 3494 orationis
861 3419 1005 3492 sormam
1023 3419 1258 3512 transferrem,
1271 3453 1340 3523 qua
1350 3431 1497 3512 Veteres
1506 3441 1585 3520 illos
1602 3448 1680 3525 usos
1695 3455 1872 3532 videbam·

680 3510 856 3586 Movebat
880 3537 935 3586 rne
960 3517 1063 3589 etiarn
1090 3521 1134 3590 ad
1155 3521 1224 3596 hoc
1245 3523 1437 3602 institutum
1451 3535 1748 3637 persequendum,
1770 3559 1867 3648 quod

680 3605 773 3708 ipsos
795 3608 894 3681 idem
921 3607 1188 3702 Jurisconsultos
1226 3615 1342 3694 secisse
1366 3647 1409 3698 ex
1441 3651 1484 3703 eo
1515 3639 1745 3737 colligebam,
1771 3653 1870 3744 quod

680 3723 777 3778 tanta
803 3703 884 3779 effet
900 3708 936 3778 in
955 3728 1075 3780 eorum
1100 3708 1269 3804 responde
1302 3724 1502 3814 aequalitas,
1528 3753 1568 3803 ut
1590 3739 1703 3812 videri
1731 3743 1867 3838 possent

587 3801 589 3804 ’
680 3822 801 3875 omnes
815 3803 851 3878 in
867 3801 992 3875 eodem
1008 3804 1095 3878 ludo
1112 3805 1230 3895 doen,
1253 3813 1315 3886 vel
1329 3836 1369 3887 ut
1384 3837 1467 3892 totae
1482 3823 1665 3906 Pandediae
1681 3837 1725 3911 ab
1742 3843 1865 3918 eodem

679 3894 819 3992 scriptae
841 3895 970 3970 censeri
999 3921 1155 3994 queant,
1190 3901 1216 3976 fi
1247 3911 1427 3984 nominum
1459 3917 1698 4020 inscriptiones
1723 3932 1865 4013 sublatae

680 3989 797 4066 essent
845 3992 982 4086 Arguta
999 3996 1102 4069 etiam
1125 3999 1184 4071 illa
1209 4000 1364 4080 brevitas
1386 4014 1588 4110 oratioque,
1614 4021 1653 4096 δι
1676 4025 1701 4098 fi
1724 4055 1794 4106 non
1812 4060 1866 4109 re·

680 4087 841 4161 dundans
849 4089 1648 4210 plenatamen,perspicua,propria,puraque
1656 4123 1740 4197 mibi
1749 4131 1865 4224 legum

677 4181 958 4278 interpretationi
975 4187 1122 4262 maxime
1145 4196 1333 4268 convenire
1356 4201 1549 4281 videbatur.
1595 4211 1638 4285 In
1653 4239 1720 4310 qua
1736 4223 1773 4294 id
1790 4245 1867 4297 tan·

676 4293 753 4353 tum
769 4279 975 4375 requiritur,
1000 4302 1041 4356 at
1059 4284 1194 4360 ratione
1209 4291 1269 4363 vel
1287 4293 1498 4372 authoritate
1515 4304 1631 4400 aliqua
1644 4311 1752 4404 legis,
1776 4321 1865 4414 quid·

675 4372 820 4478 lustum,
844 4375 928 4468 quid
943 4395 1080 4486 mquam
1105 4381 1143 4456 &
1160 4382 1314 4470 bonum,
1338 4391 1495 4487 quidque
1519 4421 1642 4476 eontra
1665 4403 1707 4479 stt
1737 4413 1862 4492 docea-

669 4489 764 4552 mur.
794 4467 845 4550 Et
859 4471 927 4550 bac
943 4473 1088 4574 quidem
1101 4476 1236 4558 ramae
1250 4481 1548 4582 diquamdusurn
1568 4495 1660 4578 usus.
1685 4499 1741 4583 Ut
1758 4510 1865 4587 edam

1781 4605 1867 4686 cim
