4742 5814
510 619 711 736 EPIST.
741 623 1057 734 SELECTAE
1083 649 1150 726 An
1178 627 1508 736 DlVERSOS.
1550 647 1635 735 281

433 820 588 922 tipienr,
619 816 817 894 Anholtum
844 815 1015 914 oppidum
1042 812 1161 901 alluit,
1197 814 1236 892 δι
1270 815 1364 914 apud
1389 813 1631 915 Doesberganr

429 915 561 996 Rheno
584 913 656 991 five
678 911 864 1025 Qruiitnae
897 911 993 988 soffae
1033 913 1275 1001 commixtus,
1300 910 1325 986 fi
1348 911 1443 988 reete
1471 912 1632 988 observa·
1775 915 1781 924 “

429 1017 488 1107 ri,
512 1032 653 1089 retento
667 1015 825 1126 nornine,
840 1008 1084 1123 'zutphamam
1100 1008 1275 1096 decurrit,
1299 1031 1404 1104 atque
1424 1009 1475 1084 ibi
1486 1034 1564 1085 rece
1594 1033 1632 1086 to
1694 1089 1698 1098 ,

428 1107 601 1220 Emittit,
623 1131 710 1222 non·
726 1107 876 1222 rgnoiuh
902 1129 1049 1222 quoque
1068 1128 1197 1191 amne,
1228 1105 1266 1182 &
1292 1104 1408 1217 rursus
1438 1109 1534 1204 apud
1597 1131 1632 1181 r·

425 1205 1007 1414 ttrrntrrrifltunr,
1021 1201 1278 1398 ‘nvitun
1300 1199 1504 1412 ussttn
1519 1225 1628 1412 tutu

420 1399 531 1498 ¹⁰³³&
561 1423 716 1572 qunti
737 1395 1083 1570 Viihiioeffissiiu
1104 1394 1470 1568 intuitui}
1487 1419 1628 1568 tritt

428 1518 579 1669 gregariis
600 1549 786 1704 uiiqutndo
808 1589 1014 1674 observavi,
1038 1589 1134 1691 apud
1152 1588 1247 1666 stho
1296 1590 1406 1700 ‚ingen
1428 1591 1560 1678 oritur,
1585 1555 1626 1666 at

335 1751 340 1760 .
428 1711 495 1787 per
526 1687 742 1766 Cornrtntum
766 1683 1053 1780 Bentheruensem
1079 1686 1223 1773 lubens,
1294 1686 1471 1762 rnckulam
1495 1685 1629 1782 (quern.

428 1785 554 1882 Hegirrr
584 1787 670 1859 olim
709 1784 900 1862 celebravit
937 1803 978 1858 ut
1008 1785 1161 1880 patrium
1194 1780 1258 1857 fibi
1297 1783 1456 1878 amnem)
1488 1783 1627 1879 recipit.

428 1877 543 1960 Hunc
565 1880 719 1962 Vidrum
748 1878 816 1960 effe
842 1877 1029 1979 Vessphtli
1059 1881 1163 1959 eriam
1192 1898 1310 1954 tecum
1343 1878 1480 1956 volunt.
1529 1877 1628 1989 Inter
1703 1949 1706 1956 ⁴

427 1973 551 2054 liniant
580 1999 698 2056 autem
731 1975 803 2054 srve
834 1975 1021 2066 Rhenum,
1053 1975 1317 2073 Arretiumque,
1348 1977 1464 2048 nullus
1496 1971 1627 2051 fiuvrus

430 2071 618 2153 Oceanum
633 2073 770 2162 influit,
821 2093 923 2148 raeter
942 2071 1136 2149 Lauritianr
1151 2075 1304 2148 rivulum
1318 2073 1386 2168 ‚qui
1399 2069 1629 2166 Groningen
1789 2103 1795 2118 ·

429 2167 503 2246 sem
519 2194 642 2268 agrum
666 2169 711 2244 ab
729 2193 776 2245 no
825 2167 1093 2268 odisterminat.
1143 2165 1276 2244 Verrim
1294 2171 1401 2262 haee,·
1416 2169 1464 2242 mi
1492 2165 1627 2258 Heiitr,

428 2267 548 2345 tabula
563 2265 638 2367 ipit
659 2263 784 2344 melitis
802 2263 1070 2364 repraesentabit.
1120 2265 1163 2342 ln
1189 2289 1258 2363 qua
1276 2285 1316 2340 ut
1340 2263 1479 2360 Appiani
1495 2263 1627 2340 institu-

428 2379 526 2454 tum,
549 2387 720 2464 quantum
745 2365 790 2440 ad
811 2360 957 2439 Frifiam
1028 2363 1154 2450 niret,
1178 2366 1342 2461 adjuves,
1372 2363 1499 2438 iterum
1522 2379 1629 2460 atque

426 2458 555 2538 iterum
592 2483 628 2538 te
659 2483 762 2560 rogo.
811 2457 902 2534 Non
939 2457 987 2532 du
1011 2460 1064 2535 ito
1096 2479 1242 2547 autern,
1282 2457 1368 2554 quin
1400 2458 1451 2548 is,
1481 2459 1525 2534 de
1581 2481 1630 2532 uo

428 2553 611 2657 scripfisti,
633 2557 767 2657 aliquid
792 2559 826 2634 ei
850 2555 1040 2631 collaturus
1060 2551 1112 2631 fit.
1161 2555 1222 2630 Tu
1246 2556 1353 2629 modo
1378 2549 1435 2630 fac
1455 2574 1499 2630 ut
1527 2578 1574 2630 no
1598 2557 1629 2630 ir

427 2651 551 2730 charta
572 2655 691 2750 aliqua
707 2653 991 2731 communicetur.
1042 2646 1153 2728 Forte
1177 2651 1266 2726 verri
1282 2651 1431 2749 aliquem
1449 2651 1553 2726 etiam
1577 2651 1630 2728 ibi

427 2751 582 2828 invenire
599 2749 818 2836 tinnirent,
842 2748 965 2844 quide
984 2751 1121 2826 caeteris
1144 2745 1286 2838 Frifiis,
1311 2749 1424 2844 quiin
1444 2747 1629 2824 Orientem

391 2885 395 2894 ·
427 2867 662 2948 procurrunt,
685 2847 818 2944 aliquid
842 2845 907 2920 tibi
935 2841 1115 2942 suggerere
1131 2845 1253 2941 posfit,
1274 2868 1352 2942 quo
1374 2845 1410 2917 in
1435 2868 1543 2941 unum
1568 2845 1630 2919 ali·
1721 2924 1727 2935 ,

429 2939 573 3041 quando
593 2943 721 3020 tabulae
743 2965 873 3041 corpur
904 2961 1024 3016 omnes
1047 2942 1262 3039 complexe,
1294 2937 1524 3037 augustiorem
1551 2937 1629 3038 spe·

428 3041 521 3118 ciem
556 3041 755 3115 exhibeant.
804 3039 967 3131 aprunus
998 3059 1088 3136 opus
1115 3035 1246 3135 infigne
1280 3035 1345 3111 sub
1377 3037 1478 3131 prelo
1501 3035 1626 3126 habet,

457 3135 530 3212 uod
556 3135 727 3227 Caesatrrrm
746 3129 918 3231 inscripfit
940 3131 1207 3232 Afinroruicrrrn,
1239 3133 1277 3208 id
1306 3129 1331 3204 fi
1358 3132 1548 3228 aliquando
1573 3133 1628 3207 vi·

280 3229 286 3238 ’
431 3159 525 3310 fictir
534 3281 547 3320 ‚
571 3233 718 3328 dignum
733 3255 813 3308 eum
825 3229 1023 3328 judicabis,
1046 3229 1145 3328 cujus
1170 3251 1333 3306 conatum
1352 3251 1494 3325 quoque
1511 3229 1548 3303 in
1565 3251 1628 3302 no·

431 3331 485 3406 vir
503 3329 549 3404 td
564 3327 766 3406 Ptolomaeum
783 3325 911 3403 tabulis
932 3325 1088 3424 adjuver.
1114 3327 1222 3424 Apud
1237 3349 1302 3402 nur
1327 3321 1493 3402 haetenus
1511 3323 1628 3402 omnia

430 3426 619 3523 tranquilla
643 3423 733 3500 sunt.
781 3423 969 3520 Haganoae
994 3419 1074 3500 Rex
1098 3421 1333 3512 Feriinrrdus,
1358 3424 1517 3497 evocatis
1540 3447 1627 3499 non·

429 3523 536 3596 nullir
567 3519 770 3598 Germaniae
826 3517 1037 3609 roteribut,
1076 3523 1121 3595 de
1147 3518 1395 3618 componendo
1430 3517 1626 3616 Religionie

429 3617 562 3693 diffidio
580 3617 722 3692 comitia
749 3619 784 3692 in
817 3619 906 3694 'tuit
955 3617 1011 3694 De
1037 3616 1185 3694 Geirico
1211 3639 1256 3690 ne
1280 3615 1357 3692 otio
1387 3613 1548 3692 confetio
1566 3619 1627 3692 lae»

426 3729 503 3788 tum
525 3735 640 3811 nuper
664 3715 824 3788 nuntium
842 3716 1069 3811 accepimus,
1097 3714 1228 3790 utinam
1311 3733 1446 3790 vetum.
1494 3707 1567 3788 Sed¹
1586 3713 1625 3788 id
1739 3717 1741 3724 '

428 3829 500 3886 tuae
515 3806 611 3887 forte
625 3810 754 3884 litterae
770 3809 872 3886 brevi
887 3811 989 3886 nobis
1009 3809 1143 3884 eertiur
1162 3831 1206 3883 ex
1234 3829 1353 3884 orent.
1399 3805 1494 3887 Bene
1519 3807 1625 3902 vale,

407 3905 545 4000 ,finer
570 3903 769 3988 clarium.
817 3903 879 3984 Ex
894 3905 1149 3988 Rainavultimu
1219 3905 1398 3999 aii154‘0.
