4612 5850
668 615 1023 752 362V1GL11
1052 639 1122 712 aa
1149 597 1409 708 AYTTA
1442 597 1822 704 ZUICHEMI

501 889 626 962 mo.
861 819 1368 928 EPISTOLA
1424 810 1671 924 CLVI.

502 995 552 1038 nto
571 974 628 1037 lv.

504 1053 644 1200 ppe-
669 1044 1029 1162 fflnponruo
1048 1039 1342 1143 Pnnsuuo
1369 1041 1631 1138 annunt
1650 1045 1876 1190 amatu

536 1341 643 1418 155³·
790 1277 960 1375 Narrat
987 1273 1322 1390 expugnationem
1358 1263 1472 1357 urbis
1510 1265 1765 1360 Tarouanna.

680 1499 891 1674 REginae
914 1495 1041 1572 litteris
1069 1491 1199 1589 quibus
1219 1513 1286 1566 vos
1315 1487 1360 1565 de
1390 1487 1614 1566 Terouannae
1638 1491 1713 1592 (1)
1738 1497 1882 1596 expedi.

789 1620 886 1674 tione
919 1594 1087 1669 certiores
1107 1587 1216 1677 facit,
1239 1591 1312 1664 hoc
1336 1605 1451 1660 meurn
1471 1587 1665 1684 epistolium
1690 1591 1882 1692 adjungen-

564 1736 575 1765 t
683 1699 769 1774 dum
791 1694 933 1793 putavi,
958 1711 1032 1786 quo
1059 1689 1107 1760 rei
1125 1681 1332 1772 succell'um,
1357 1685 1570 1778 quantumin
1592 1709 1636 1760 ex
1652 1689 1775 1782 primis
1796 1713 1885 1766 nun·

684 1798 764 1882 tiis,
788 1792 911 1889 quiex
933 1785 1051 1862 castris
1076 1783 1120 1858 ad
1145 1777 1320 1857 Caesarem
1345 1779 1427 1853 niffi
1446 1775 1544 1864 sunt,
1568 1781 1718 1882 intelligi
1743 1790 1885 1882 potuit,

685 1890 807 1992 paucis
822 1883 1060 1984 significarem.
1110 1877 1198 1953 Non
1212 1878 1363 1954 arbitror
1373 1897 1489 1950 autem
1500 1899 1565 1950 vos
1583 1879 1744 1975 ignorate
1758 1881 1895 1980 printoe'

686 1983 983 2086 oppugnationis,
1007 1999 1088 2075 quae
1112 1977 1167 2051 die
1195 1997 1253 2049 12.
1276 1974 1381 2072 hujus
1398 1969 1522 2048 menlls
1542 1995 1674 2052 tentata
1695 1977 1785 2064 fuit,
1808 1982 1885 2057 irri-

685 2103 762 2161 tum
786 2099 971 2162 conatum,
996 2097 1064 2149 nec
1092 2093 1210 2177 tamen
1233 2071 1315 2168 idpo
1340 2066 1418 2166 spes
1439 2072 1514 2166 ejus
1542 2073 1637 2149 urbis
1658 2077 1839 2171 potiundo
1864 2101 1886 2154 a

687 2175 814 2274 nostrie
838 2171 994 2273 depofita
1009 2167 1096 2256 fuit,
1122 2167 1181 2243 sed
1199 2165 1282 2243 aun
1296 2167 1413 2242 denud
1425 2169 1616 2258 cuniculis,
1641 2173 1805 2270 omnique
1817 2177 1886 2250 alio

674 2276 872 2364 ,conamine
888 2271 932 2346 ab
948 2287 1026 2346 toto
1043 2267 1197 2344 exercitu
1216 2267 1407 2340 laboratum
1425 2259 1497 2353 est,
1522 2283 1562 2339 ut
1579 2263 1715 2342 facilior
1729 2271 1890 2348 reddere·

689 2393 748 2448 tnr
767 2371 857 2446 ratio
874 2369 999 2444 moenia
1022 2363 1227 2440 scandendi:
1254 2357 1293 2437 ds
1339 2383 1512 2457 uunquam
1529 2364 1758 2458 quorumdam
1781 2371 1889 2464 negli-

690 2471 834 2567 gentia,
859 2456 1082 2562 deceptisque
1095 2459 1253 2537 excubiis
1268 2481 1315 2534 no
1362 2457 1392 2531 is
1406 2459 1601 2548 acciderat,
1623 2483 1665 2538 ut
1678 2465 1813 2539 interea
1830 2467 1890 2540 ali·

690 2575 783 2658 'quot
805 2561 944 2637 centeni
961 2560 1090 2633 milites
1106 2557 1152 2630 ab
1169 2549 1286 2630 Gallis
1304 2556 1341 2628 in
1355 2576 1431 2628 eam
1447 2555 1568 2630 urbem
1582 2555 1713 2633 fuerint
1734 2561 1887 2650 immillo,

688 2657 762 2760 ja'nr
780 2679 896 2734 tamen
910 2679 954 2730 eo
975 2652 1085 2728 nostri
1103 2672 1212 2748 opera
1227 2648 1286 2725 sua
1306 2651 1568 2749 produxerant,
1592 2674 1634 2730 ut
1663 2655 1710 2730 dc
1732 2655 1819 2734 urbe
1834 2681 1890 2736 ca·

692 2751 826 2854 'pienda
846 2753 885 2826 in
917 2769 1049 2828 certam
1075 2745 1172 2846 spem
1193 2747 1364 2823 venirent.
1414 2745 1576 2920 Cdmpue
1594 2749 1667 2848 jam
1689 2753 1891 2830 conclusum

696 2869 772 2927 erat
788 2849 849 2927 die
877 2849 1034 2924 besterna
1058 2845 1148 2921 bene
1171 2865 1273 2920 mune
1299 2843 1477 2920 fortunam
1529 2869 1621 2923 tnuo
1653 2849 1824 2944 experiri,
1848 2873 1890 2926 ac

697 2967 794 3024 totus
819 2948 993 3024 exercitus
1015 2945 1086 3042 jam
1110 2941 1146 3016 se
1164 2943 1211 3014 ad
1232 2963 1307 3015 eam
1334 2965 1407 3022 rem
1432 2943 1649 3040 accingeret,
1673 2941 1790 3021 obseffi
1817 2951 1889 3023 col·

696 3047 855 3144 loquium
878 3044 1089 3142 expetivere.
1138 3033 1228 3112 Miffi
1254 3059 1369 3115 autern
1389 3040 1434 3113 ab
1459 3039 1509 3114 eis
1532 3040 1668 3115 nobiles
1693 3043 1787 3130 duo,
1810 3043 1891 3120 clun

700 3143 914 3219 deditionem
932 3141 1037 3216 certis
1052 3134 1316 3220 ,conditionibus
1339 3129 1527 3226 offerrent,
1551 3159 1605 3212 ac
1619 3162 1673 3212 res
1694 3139 1732 3212 in
1749 3141 1894 3238 longum

698 3239 984 3340 pertraheretur,
1008 3232 1276 3309 admonentibus
1294 3229 1418 3308 nostris
1436 3231 1596 3328 quicum
1612 3235 1682 3310 illis
1699 3233 1895 3314 uariabant

701 3358 777 3433 quo
797 3353 1010 3411 maturarent
1023 3325 1196 3405 resolvere
1211 3323 1410 3426 priusquam
1432 3325 1541 3403 nostri
1558 3331 1680 3404 milites
1699 3333 1770 3406 vim
1796 3335 1897 3408 adhi-

699 3429 849 3514 berent,
872 3425 938 3502 illis
957 3423 1154 3503 dicentibus
1170 3448 1240 3499 non
1261 3419 1327 3500 elle
1343 3421 1597 3500 festinationeo
1622 3449 1681 3510 ns,
1703 3449 1814 3522 quum
1828 3430 1894 3506 ob-
1926 3487 1928 3492 -

675 3607 681 3620 ,
705 3520 792 3601 rems
814 3525 921 3599 animi
943 3545 986 3602 ac
1009 3521 1136 3597 virium
1156 3518 1235 3596 satis
1259 3519 1305 3596 ad
1328 3523 1566 3617 repellendum
1588 3449 1808 3618 ssppeteret,
1832 3549 1896 3600 no·

706 3623 766 3697 stri
782 3623 914 3718 impetu
934 3617 1026 3694 fallo
1049 3617 1169 3694 urbem
1196 3615 1336 3694 fortiter
1358 3619 1521 3714 aggreffi‚
1545 3618 1670 3695 obvios
1695 3617 1899 3697 resistentes-

707 3741 778 3816 que
799 3711 902 3793 facile
916 3717 1140 3830 mpulerunt,
1165 3735 1206 3787 ea
1232 3715 1398 3811 ue‘potiti
1416 3712 1494 3788 suut
1518 3714 1613 3792 caesrs
1629 3717 1806 3812 plurimis,
1828 3743 1922 3802 cae·‚

707 3817 790 3904 tetis
811 3815 849 3889 ln
866 3814 1111 3910 captivitatem
1126 3809 1187 3884 red
1246 3811 1295 3898 is,
1319 3813 1409 3887 inter
1433 3833 1525 3910 quos
1543 3811 1594 3886 est
1617 3813 1708 3888 lilius
1726 3835 1811 3890 natu
1827 3837 1899 3890 tna·

701 3911 719 3974 ·'
780 3902 994 3985 Cunellablii
1017 3907 1176 3982 Francia}
1198 3903 1311 3980 Ducis
1338 3905 1647 4002 Montruarrancii,
1673 3910 1733 3986 oui
1749 3913 1820 4010 ejus
1831 3937 1899 3990 vnr.-

705 3933 763 4085 m
779 4009 891 4084 mulo
905 4001 1080 4082 cummilln
1097 4024 1188 4080 erac
1233 3999 1318 4080 Nos
1330 4004 1403 4080 leri
1417 4005 1533 4102 primo
1556 4007 1628 4084 buc
1644 4008 1801 4086 niuniu
1814 4031 1901 4182 npu-

1859 4131 1906 4197 ⁰»

751 4277 823 4364 (1)
849 4223 1054 4360 Tarouanna]
1072 4273 1130 4342 De
1157 4270 1225 4342 huc
1251 4271 1339 4340 urbe
1369 4283 1588 4362 expugnata,
1618 4287 1721 4360 utque
1740 4277 1811 4346 hoc
1828 4279 1907 4366 ipsa

616 4401 623 4413 ·
711 4377 803 4433 anno
831 4358 904 4428 solo
933 4373 1093 4445 aequtta,
1122 4355 1267 4426 videndl
1294 4355 1458 4428 historici.
1498 4359 1593 4428 Hinc
1619 4359 1706 4428 illud
1722 4363 1905 4449 vulgatum

709 4439 1092 4617 ggpqpipffitanpetl
1113 4439 1263 4594 Morlnl.
1282 4439 1374 4512 Vide
1387 4458 1465 4528 quc
1486 4441 1530 4512 ad
1549 4439 1727 4530 epistolam
1745 4450 1905 4604 proxime
