4882 5804
516 627 721 728 uersu.
752 621 1057 723 statutum
1084 645 1151 718 n>
1168 623 1511 729 utrantos.
1536 633 1624 748 ,169

422 831 567 904 minime
584 824 795 906 arbitrabar,
822 843 892 896 tam
914 821 1088 899 celebrem
1115 821 1239 896 urbem
1261 822 1429 899 bonarum
1447 817 1621 898 literarum

424 929 491 1024 (iel
510 927 604 1021 quod
625 921 776 1016 scribis)
802 919 1004 996 uouonbus
1032 919 1163 992 carere.
1214 918 1344 994 Verium
1371 941 1446 992 eam
1472 919 1534 1014 (ni
1553 919 1619 992 sal·

424 1022 505 1117 lor)
531 1023 776 1098 calamitatem,
800 1016 1089 1112 solitudinemque
1114 1015 1276 1090 omnibus
1299 1037 1392 1110 pene
1420 1015 1619 1091 Academiie

423 1120 602 1212 religionis
634 1115 801 1188 diffioium
825 1114 957 1187 intulit:
983 1114 1079 1209 quod
1098 1111 1171 1185 illic
1186 1111 1348 1280 primum
1377 1133 1556 1200 exortum,
1580 1115 1617 1186 in

415 1213 672 1288 ¹Germanicam
696 1213 871 1285 nationem
900 1212 1066 1304 paulatim
1091 1209 1184 1303 irrep
1213 1229 1250 1297 t,
1292 1231 1334 1282 ac
1365 1211 1521 1281 nuncin
1549 1210 1616 1284 hac

424 1307 540 1384 nostra
558 1312 665 1406 plaga
677 1309 820 1382 acerbos
834 1309 999 1382 excitavit
1013 1309 1201 1388 tumultus,
1226 1303 1408 1400 postquam
1427 1327 1506 1378 cum
1524 1304 1616 1378 Ana·

423 1401 609 1502 baptistica
624 1403 714 1480 sethe
734 1427 889 1478 errorum
912 1402 1103 1476 exundavit
1121 1403 1284 1498 pelagus,
1310 1423 1389 1496 quae
1403 1401 1503 1474 nobis
1518 1423 1614 1474 nunc

424 1501 618 1578 barbariem
650 1499 852 1596 quandam,
891 1494 1217 1594 disciplinarumque
1252 1497 1407 1570 omniunt
1439 1499 1616 1572 excidium

424 1599 622 1672 minitatur:
648 1595 710 1670 nist
735 1595 832 1672 Deua
857 1616 934 1690 opt.
959 1596 1056 1670 Max.
1082 1615 1157 1666 eam
1174 1593 1302 1688 pestem
1327 1595 1502 1670 auerterit.
1527 1594 1613 1672 Val-

426 1697 472 1769 de
495 1716 608 1770 autem
630 1691 715 1768 scire
748 1715 855 1782 aveo,
880 1689 1033 1788 quisnam
1062 1712 1127 1786 per
1158 1688 1369 1762 Bohaemiam
1394 1687 1614 1786 Reipublicae

426 1811 517 1864 nunc
541 1788 647 1864 status
674 1787 715 1862 stt
737 1787 818 1884 post
843 1783 1017 1885 Huffltt'cut
1039 1788 1115 1859 illas
1134 1788 1316 1883 procellas.
1366 1784 1416 1860 Et
1439 1791 1566 1872 miror,
1587 1787 1613 1861 st

422 1887 512 1976 adeo
530 1883 664 1961 diversa
683 1887 727 1960 de
744 1885 913 1978 religione
937 1884 1137 1983 credentes,
1161 1885 1219 1956 vel
1243 1880 1306 1976 ipst
1336 1884 1371 1955 in
1395 1883 1613 1980 Reipublicae

422 1980 714 2058 administratione
727 1979 933 2067 consentire,
958 1981 1016 2054 vel
1030 1977 1161 2073 Regem
1186 1979 1410 2052 Catholicum
1430 1977 1521 2053 serre
1534 1981 1613 2080 pos-

428 2077 503 2150 sint.
554 2073 659 2173 Rogo
681 2098 796 2152 autem
810 2097 863 2162 te,
889 2078 937 2152 mi
953 2077 1153 2160 corcuruli,
1178 2074 1256 2146 utst
1275 2079 1413 2170 quando
1428 2078 1538 2152 otium
1549 2080 1613 2150 tibi

423 2171 486 2259 fit,
497 2169 570 2247 &st
587 2197 641 2246 res
656 2171 872 2244 Bohaernicas
884 2172 1078 2266 exploratas
1095 2169 1223 2256 habes,
1248 2173 1290 2242 de
1308 2171 1387 2265 ipsis
1404 2173 1446 2245 ad
1464 2195 1518 2248 me
1534 2173 1613 2249 scri-

427 2269 500 2342 bas.
551 2265 678 2349 Unde,
703 2267 780 2362 quis
804 2268 886 2340 olim
911 2266 1003 2340 forte
1038 2269 1132 2360 apud
1156 2288 1221 2338 nos
1253 2264 1360 2344 status
1391 2267 1610 2359 futurus—fir,

425 2364 635 2460 conjiciam,
658 2361 683 2438 fi
701 2363 865 2436 nostrates
885 2360 1126 2436 ssohaemorum
1141 2365 1318 2458 exemplo,
1343 2385 1402 2435 aut
1419 2366 1485 2438 illis
1508 2367 1611 2442 etiarn

422 2457 584 2536 furiosius
608 2459 809 2532 tumultuari
822 2455 914 2532 forte
933 2474 1092 2554 pergant.
1142 2458 1291 2553 Georgius
1311 2459 1511 2534 Hermuuuut
1535 2488 1610 2538 cre·

422 2558 488 2632 bro
513 2555 558 2629 ad
584 2577 640 2628 me
662 2554 798 2639 scribit,
823 2577 1054 2648 magnamque
1079 2553 1152 2650 ejus
1170 2577 1251 2648 erga
1277 2577 1333 2628 me
1361 2555 1610 2636 humanitatem

421 2653 578 2750 quotidie
603 2653 785 2746 experior:
810 2655 903 2726 unde
920 2650 1105 2748 intelligis,
1129 2651 1229 2724 teob
1248 2647 1354 2728 limile
1371 2651 1520 2729 officium
1539 2681 1611 2732 non

422 2773 550 2824 vanum
566 2768 821 2844 reportaturum
845 2749 1037 2842 praemium.
1086 2745 1168 2842 Ego
1191 2747 1299 2836 vero,
1321 2747 1345 2820 fi
1365 2752 1448 2845 quid
1474 2777 1509 2826 te
1534 2775 1611 2827 mea

423 2847 723 2920 commendatione
755 2844 849 2939 apud
873 2845 968 2916 illum
996 2842 1161 2940 adjuvare
1184 2862 1336 2940 potero,
1381 2849 1520 2924 minime
1544 2875 1610 2946 per

413 2941 637 3034 ,occasionem
655 2941 690 3014 id
706 2943 888 3034 negligam.
937 2938 998 3012 Tu
1017 2939 1157 3011 viciffim
1184 2963 1285 3024 cura,
1313 2961 1351 3012 ut
1376 2943 1610 3020 adolescentes

421 3059 502 3113 tuos
525 3038 643 3110 inmei
666 3059 783 3110 amore
807 3035 956 3108 retineat
969 3085 979 3120 ,
1005 3036 1097 3130 apud
1122 3059 1210 3132 quos
1234 3060 1301 3130 ego
1325 3036 1466 3110 viciliim
1488 3063 1610 3136 paren·

420 3156 493 3204 tum
510 3131 608 3206 causa
626 3134 848 3205 vehementer
872 3129 1013 3203 afficior.
1062 3128 1153 3205 lllud
1167 3153 1297 3226 porro,
1316 3135 1363 3206 mi
1381 3135 1509 3230 Georgi,
1533 3137 1610 3210 sub·

422 3249 547 3302 vereor
562 3244 702 3301 nonnun
729 3251 806 3301 uam
822 3249 885 3309 ne,
911 3247 990 3321 quae
1013 3249 1080 3322 ego
1097 3229 1280 3323 aliquando
1298 3249 1332 3302 te
1349 3228 1392 3303 de
1409 3255 1452 3306 eo
1475 3231 1606 3318 studio,

424 3327 520 3418 quod
537 3323 609 3420 ipse
661 3252 832 3408 rusheor,
866 3323 1024 3396 hortatus
1050 3322 1147 3410 sum,
1172 3321 1305 3399 nonsit
1327 3327 1389 3398 ribi
1413 3334 1608 3425 exequendi

420 3417 566 3495 occasio.
615 3347 781 3516 Cpogitare
810 3439 925 3493 tamen
940 3439 976 3491 te
989 3421 1162 3495 interdum
1178 3423 1282 3494 velim
1308 3423 1351 3494 de
1373 3419 1607 3521 subsequentia

420 3519 531 3590 aetatis
553 3535 647 3590 certo
672 3519 788 3611 aliquo
810 3516 986 3602 instituto,
1011 3539 1083 3610 quo
1102 3519 1137 3588 in
1162 3535 1318 3612 tempore
1341 3515 1451 3592 studia
1466 3545 1527 3594 tua
1544 3547 1605 3618 ap-

419 3615 540 3706 plices.
592 3609 698 3686 Multi
720 3613 756 3684 in
780 3613 883 3684 rebus
909 3611 1091 3700 ciuilibus,
1122 3611 1359 3706 publicisque,
1389 3613 1492 3688 etiam
1519 3621 1606 3693 citra

419 3713 537 3804 legum
565 3707 798 3800 cognitionem
817 3710 911 3781 illam
926 3703 1107 3792 exustam,
1131 3711 1236 3802 periti
1256 3705 1353 3794 sunt,
1390 3708 1432 3780 ad
1458 3735 1542 3808 quas
1566 3735 1605 3788 tu

373 3867 376 3872 .
420 3805 663 3898 quoquemihi
681 3799 771 3876 visus
797 3825 832 3874 ee
859 3805 1034 3896 ingenium
1058 3803 1183 3876 habere
1211 3799 1434 3898 propensum.
1485 3811 1607 3883 Proin·
1662 3827 1667 3834 '

421 3901 486 3984 de,
510 3897 625 3974 sinon
644 3917 744 3994 potes
769 3895 1087 3990 Jureconsultorum
1104 3893 1243 3972 subtiles
1270 3901 1308 3976 &
1332 3899 1518 3977 laboriosas
1539 3927 1606 3980 tra-

421 3996 572 4070 ditiones
584 3991 799 4092 perdiscere,
825 4015 997 4068 memento
1016 4015 1127 4066 tamen
1142 4017 1208 4090 ptr
1224 3993 1460 4086 occasionem,
1485 4003 1528 4076 ad
1546 4006 1607 4078 211.

421 4093 520 4186 quod
537 4095 714 4188 publicum
732 4114 854 4164 munus
877 4113 910 4164 te
931 4091 1093 4164 idoneum
1113 4092 1268 4166 reddere.
1315 4093 1374 4166 Ad
1400 4100 1496 4188 quod
1526 4123 1608 4173 con·

419 4189 629 4283 sequendum
645 4187 845 4279 adjumento
859 4187 924 4260 tibi
938 4209 1040 4260 erunt
1055 4188 1123 4272 illi,
1149 4211 1295 4282 quorum
1318 4209 1357 4264 tu
1377 4190 1506 4268 liberos
1530 4219 1609 4270 eru·

421 4285 490 4366 dis,
515 4287 582 4357 viri
603 4307 723 4357 omnes
754 4283 833 4356 cum
856 4281 996 4367 summae
1013 4283 1255 4368 authoritatis,
1278 4303 1351 4358 tum
1367 4286 1404 4360 dt
1419 4290 1609 4365 humanita-

421 4379 475 4450 tis.
525 4379 616 4452 Mihi
636 4403 711 4453 mea
732 4379 875 4456 fortuna
894 4381 1048 4452 nondum
1064 4379 1151 4451 adeo
1167 4381 1302 4472 placet,
1326 4401 1366 4455 ut
1386 4383 1429 4456 dc
1441 4410 1481 4460 ea
1498 4391 1607 4462 multa

418 4471 484 4546 tibi
515 4475 661 4550 scribere
689 4475 818 4574 polsnn.
869 4475 1005 4550 Interea
1037 4494 1153 4548 tamen
1176 4473 1326 4570 publicis
1356 4483 1533 4576 negotiis,
1569 4481 1610 4558 dt

471 4569 557 4642 Tum.
582 4573 632 4645 ΙΙ.
1048 4569 1081 4639 Y
1507 4581 1608 4674 hujus
