4612 5850
635 584 721 690 328
749 570 986 676 VIGLII
1019 593 1087 664 ns
1118 564 1385 662 AYTTA
1415 563 1784 678 ZUICHEMI

633 755 715 840 mis,
741 747 1025 850 Apostolicaeque
1044 745 1265 823 summimus
1285 741 1398 826 hostes
1423 745 1678 842 propellantur.
1726 749 1843 827 Fauo,

640 850 760 926 ‘rabilis
781 845 849 922 suit
870 846 939 921 sem
969 870 1006 921 er
1027 861 1149 923 contra
1173 842 1310 926 Turcas
1334 839 1451 929 causa,
1477 843 1515 918 δι
1543 840 1702 920 Romana
1719 844 1842 937 sedes,

641 969 712 1020 uon
734 943 843 1020 modd
869 943 913 1018 dc
933 869 995 1016 ho
1012 943 1135 1016 lubens
1152 940 1238 1036 quid
1266 939 1324 1048 uid
1349 939 1467 1047 potuit
1491 939 1683 1052 impendit,
1716 965 1755 1016 ut
1778 948 1841 1020 im.

640 1041 862 1118 maniffimam
891 1041 988 1114 illam
1021 1039 1199 1112 nationem
1233 962 1438 1110 ghruumae
1460 1035 1641 1130 Religioni
1665 1039 1841 1116 inimicam

642 1163 663 1214 a
685 1138 807 1213 nostris
829 1135 958 1210 unibus
971 1136 1196 1231 prohiberet:
1222 1129 1281 1204 scd
1306 1151 1454 1208 caeteros
1478 1131 1639 1227 Europae
1657 1134 1842 1235 Principes

641 1233 733 1332 saepe
749 1233 934 1309 exhortata
948 1233 998 1304 est
1016 1230 1298 1323 commovitque,
1321 1246 1362 1300 ut
1372 1245 1480 1308 tantae
1498 1229 1587 1323 pesti
1604 1253 1840 1311 occurrerunt.
1918 1296 1922 1305 .

642 1331 752 1407 Nunc
769 1331 857 1407 verd
890 1351 1009 1424 quum·
1026 1325 1224 1400 intestinum
1260 1321 1634 1420 pestilentissimumque
1665 1331 1841 1425 quoddam

643 1432 793 1512 malum,
818 1428 854 1500 in
873 1425 1027 1512 ruinam,
1052 1419 1091 1496 ἃ
1106 1421 1294 1516 perniciem
1309 1421 1416 1496 totius
1434 1417 1630 1520 Religionis
1641 1427 1842 1520 atqueRci·

642 1526 731 1624 pub.
757 1522 962 1598 Christianae
977 1513 1186 1596 succrescat:
1212 1540 1275 1612 age
1292 1513 1497 1605 Beatilstme,
1523 1521 1561 1594 &
1577 1522 1677 1596 nobis
1700 1524 1737 1595 in
1754 1525 1841 1598 cala·

643 1619 770 1695 mitoso
798 1615 996 1713 afflictoque
1015 1615 1126 1690 isthoc
1142 1635 1262 1702 ¹retum
1289 1611 1395 1700 llatu,
1420 1616 1489 1691 tuis
1521 1617 1674 1712 opibus.
1698 1637 1758 1692 tua
1783 1643 1842 1694 au·

639 1719 831 1802 thoritate,
856 1732 920 1789 tuo
936 1709 1100 1797 consilio,
1134 1710 1332 1804 auxilioque
1360 1707 1561 1788 succurrere
1586 1735 1657 1786 non
1682 1738 1843 1809 gravare.

644 1813 705 1888 De
722 1813 863 1889 modica
880 1807 1040 1908 pecuniae
1061 1805 1214 1904 impensa
1241 1807 1374 1900 agitur:
1408 1829 1477 1903 qua
1502 1831 1596 1882 nunc
1619 1809 1735 1886 adhuc
1758 1833 1843 1908 pro·

645 1909 759 1984 hiberi
777 1911 847 1985 hoc
869 1907 995 1980 malum
1014 1903 1137 2000 potest.
1187 1899 1299 1992 Quod
1324 1901 1510 1997 pressim,
1534 1903 1595 1980 nifi
1619 1929 1713 1981 nuuc
1739 1905 1844 1986 semel

640 2008 872 2102 deprimitur,
886 2005 923 2078 in
937 2023 1122 2080 commune
1137 2000 1245 2074 totius
1262 1998 1358 2074 orbis
1369 1997 1550 2074 discrimen
1565 2025 1607 2076 ac
1624 2001 1843 2101 naufragium

645 2125 791 2198 verget,
815 2104 992 2270 sonpeque
1016 2095 1143 2172 saevius
1170 2093 1403 2169 &crudelius
1427 2095 1607 2191 quibusvis
1631 2099 1780 2175 Gotthis
1805 2103 1844 2178 δι

646 2199 835 2284 Vandalis,
882 2197 986 2269 actile
1032 2217 1065 2266 m
1092 2195 1182 2267 hanc
1205 2189 1510 2288 Anabaptillatum
1538 2217 1697 2280 manum,
1722 2195 1784 2270 nili
1807 2201 1845 2279 iu

647 2313 807 2393 tempore
825 2291 959 2390 repulsa
978 2218 1101 2374 gihit,
1124 2311 1324 2400 peromnes
1341 2285 1544 2364 Provincias
1561 2293 1845 2388 populabundum

647 2393 700 2467 ire
724 2391 988 2488 conspiciemus.
1040 2383 1132 2460 cun
1157 2405 1263 2481 tgttur
1280 2407 1351 2458 tam
1380 2387 1452 2458 late
1475 2386 1577 2482 hujus
1607 2390 1686 2464 mali
1710 2393 1845 2486 pericu·

650 2490 726 2562 lum
748 2507 886 2584 pateat,
900 2485 1030 2579 Tuque
1052 2481 1091 2556 Β.
1109 2481 1150 2554 P.
1168 2479 1328 2576 caputiis
1344 2484 1453 2558 totius
1472 2483 1667 2578 Religionis
1681 2487 1845 2562 Christia-

649 2607 725 2670 nae,
750 2586 933 2657 maximam
953 2579 1114 2652 fiduciam
1135 2600 1395 2675 extremamque
1422 2577 1575 2673 praesrdii
1595 2578 1689 2675 spem
1719 2585 1845 2660 meritd

650 2681 688 2756 in
703 2702 739 2756 te
766 2675 993 2776 reposuimus.
1043 2674 1322 2768 Humillimeque
1349 2673 1414 2748 tibi
1441 2673 1698 2772 supplicamus,
1728 2700 1770 2754 ut
1795 2681 1847 2758 rei

649 2778 859 2874 gravitatem
881 2796 998 2847 mente
1021 2774 1205 2859 revolvas,
1231 2768 1355 2846 misero
1379 2775 1538 2866 populo,
1562 2773 1764 2871 labentique
1779 2777 1850 2852 Re·

651 2873 777 2970 ligioni
793 2870 999 2970 Christiane
1017 2866 1213 2942 succurras:
1239 2890 1281 2942 ac
1299 2865 1378 2942 chru
1395 2864 1470 2964 ipse
1485 2866 1610 2946 deruis
1628 2869 1848 2949 facultatibus

649 2970 784 3068 ‘aliquid
800 2967 916 3044 Nobis
928 2968 973 3042 ad
990 2961 1193 3040 facinorosae
1203 2961 1566 3060 sacrilegequesruae
1580 2969 1850 3063 propulsandam

644 3071 731 3144 'vim
747 3055 951 3164 impertias,
976 3084 1051 3138 tum
1072 3061 1159 3148 verb
1174 3061 1389 3229 Amffliffim‘)
1405 3061 1645 3136 Cardinalium
1667 3064 1850 3164 Collegio,

655 3161 927 3260 Principumque
946 3161 1053 3232 totius
1064 3155 1221 3254 Europae
1239 3201 1240 3204 ι
1290 3158 1486 3254 gatinqui
1502 3157 1597 3251 apud
1612 3159 1659 3235 T.
1670 3163 1704 3234 S.
1720 3184 1849 3260 agunt,

649 3281 846 3338 *extremam
855 3253 1083 3332 neceffitate'm
1098 3255 1249 3346 nostram
1261 3275 1433 3350 exponas:
1444 3275 1514 3348 quo
1526 3251 1648 3332 favore
1659 3259 1853 3354 benignita·

655 3379 764 3453 teque
788 3353 847 3427 sua
871 3351 1042 3450 nostram,
1077 3351 1149 3425 imrl
1178 3373 1399 3424 communem
1421 3349 1579 3439 causam,
1627 3375 1853 3441 romoveaut.

657 3471 766 3548 atquc
782 3451 956 3544 adjuvent.
1007 3444 1121 3537 Quod
1139 3469 1204 3518 nos
1235 3448 1397 3542 equidem
1421 3468 1503 3542 erga
1522 3445 1560 3519 S.
1624 3449 1852 3546 .;-.Anp1iffi·

658 3539 1030 3720 munm
1046 3539 1856 3717 Culum.strutheasu·

558 3701 564 3711 '
662 3667 790 3818 noalhh:
806 3661 1202 3846 samlhahibus‚hphhuc
1216 3739 1290 3812 vita
1305 3661 1503 3832 phnereri’
1513 3667 1855 3834 pmtisl‘hhivshhthg

664 3837 825 3914 Christus
869 3834 979 3909 eueris
998 3833 1139 3906 humant
1154 3829 1323 3906 Servatur
1337 3831 1454 3906 Tuam
1469 3831 1727 3912 Beatitudiucm
1740 3839 1800 3912 diu
1814 3861 1859 3913 ao

664 3935 814 4014 feliciter
836 3859 933 4008 shum
970 3952 1087 4024 regem
1097 3947 1288 4040 protegere
1305 3952 1492 4027 regereque
1509 3929 1625 4012 faciat.
1673 3929 1808 4010 Datum
1821 3936 1858 4010 iu

663 4029 787 4107 castris
811 4048 892 4102 aute
958 4023 1168 4101 onastertum
1189 4023 1412 4110 tnfineanui
1440 4047 1544 4121 1534.
1572 4031 1654 4119 (2).
1758 4104 1761 4110 ,

712 4185 775 4271 (c)
795 4181 907 4267 Infine
920 4187 993 4250 onus·
1013 4177 1338 4330 1544phsanifestus
1359 4201 1459 4281 error
1488 4183 1523 4248 in
1553 4186 1706 4254 numeris
1712 4211 1724 4275 3
1744 4188 1862 4290 legeu-¹

663 4271 821 4355 dumque
840 4283 933 4352 1534
954 4266 1062 4350 Quod
1084 4283 1105 4331 c
1131 4281 1165 4328 rn
1190 4264 1295 4334 sertus
1319 4267 1453 4333 anobis
1479 4265 1700 4340 observatum
1734 4271 1861 4350 fuerit,

665 4371 741 4432 uon
752 4353 870 4444 potuit
893 4351 969 4422 baec
992 4348 1133 4439 epistola
1149 4347 1210 4418 suo
1223 4349 1304 4420 loco
1326 4351 1503 4422 collocari.

1612 4615 1617 4624 ,.
1747 4533 1867 4658 uur-
