4680 5828
594 619 787 720 srrsn.
816 611 1211 717 setectum
1239 574 1567 722 nmmos
1626 588 1684 742 27

487 841 604 919 gamm
616 817 762 903 habeat,
781 810 884 910 quim
899 835 938 888 tu
953 813 1151 888 Dotttffime
1165 812 1328 911 idemque
1347 811 1680 912 hnmanidimeprae·

483 937 618 1013 ceptor.
665 911 725 985 Ne
748 931 848 1006 putes
866 933 921 984 me
946 909 1051 1006 igitur
1075 932 1227 1006 unquam
1249 907 1524 997 commissurum,
1548 929 1589 984 ut
1610 911 1679 987 hac

481 1010 738 1107 ingratitudinis
759 1029 867 1094 nota„
891 1028 971 1103 quae
994 1005 1115 1101 probis
1138 1027 1319 1104 tantopere
1340 1003 1390 1078 est
1416 1007 1675 1091 abominabilis,

481 1109 609 1181 inurar.
658 1103 709 1178 Et
734 1125 933 1200 quanquam
954 1103 1018 1175 vix
1035 1123 1187 1213 unquam
1213 1100 1428 1177 occafionem
1446 1103 1531 1174 mibi
1550 1099 1676 1178 affutu-

480 1227 552 1277 ram
566 1201 722 1298 sperem,
748 1219 787 1272 ut
808 1223 874 1294 pro
889 1198 994 1272 tande
1017 1203 1145 1272 metius
1163 1197 1228 1271 tibi
1242 1197 1489 1294 respondeam,
1512 1217 1612 1294 grata
1624 1219 1676 1272 ta·

477 1321 558 1373 men
586 1297 748 1370 voluntas
780 1293 817 1367 δι
847 1291 1079 1367 satisfaciendi
1111 1291 1347 1381 desuderimn,
1378 1291 1535 1367 sevemm
1569 1293 1674 1372 etiam

477 1393 686 1468 creditorem
699 1391 839 1484 placare
857 1387 956 1463 folet.
1003 1387 1193 1462 Plurimum
1214 1385 1253 1462 dt
1271 1411 1327 1464 me
1350 1389 1431 1462 inde
1456 1389 1523 1464 tibi
1543 1387 1684 1464 debere·

475 1489 667 1568 confiteor,
691 1486 788 1580 quod
804 1484 852 1560 stc
869 1505 926 1556 me
949 1482 1001 1558 ibi
1017 1486 1216 1580 praedices.-
1247 1484 1350 1560 Scito
1373 1504 1488 1558 autem
1511 1510 1567 1561 me
1587 1484 1672 1560 sem·
1740 1501 1743 1508 ‘

474 1605 539 1680 per
562 1582 847 1676 advigilatum,
872 1603 911 1653 ut
935 1581 1002 1652 mis
1027 1581 1436 1656 commendationibus&
1455 1599 1489 1655 te
1512 1603 1669 1678 praecep·

474 1701 570 1770 tore,
597 1700 668 1750 non
691 1678 853 1772 indignus
871 1673 953 1751 fiam
975 1675 1177 1772 discipulus.
1226 1675 1450 1771 Quocunque
1464 1675 1543 1750 sane
1562 1697 1667 1754 terras

469 1801 545 1852 rum
571 1799 625 1850 me
652 1771 791 1848 fortuna
813 1772 923 1862 feret,
949 1771 1186 1848 circumferam
1206 1773 1347 1846 vicissim
1358 1823 1371 1860 ,
1403 1794 1475 1846 non
1499 1775 1606 1848 modd
1630 1775 1669 1851 in

466 1871 631 1970 pesiore,
653 1865 713 1944 sed
737 1869 842 1942 etiam
867 1871 904 1940 in
927 1891 988 1942 ore
1011 1890 1116 1956 meo,
1150 1868 1321 1961 Jacoburn.
1369 1865 1452 1942 Nec
1477 1871 1570 1944 enim
1593 1867 1666 1945 fine

468 1971 610 2044 numine
627 1961 807 2056 contigisse
824 1963 909 2035 mibi
931 1963 1080 2038 arbitror
1095 1965 1184 2038 duos
1210 1964 1346 2057 Jacobs
1371 1963 1443 2059 (4)
1468 1987 1584 2062 praece
1611 1984 1666 2040 to·

468 2088 544 2149 res,
555 2084 662 2133 unum
677 2060 712 2130 iu
726 2057 985 2133 humanioribus
1000 2061 1109 2134 literis
1120 2059 1323 2142 &Graecia
1341 2062 1402 2155 qui
1412 2063 1506 2156 apud
1520 2061 1543 2136 d
1603 2085 1663 2148 os,

470 2159 643 2240 moriens,
667 2176 796 2227 nomen
812 2154 953 2255 reliquit
961 2155 1117 2239 celebre,
1131 2155 1169 2228 dt
1188 2156 1360 2228 literarum
1380 2177 1662 2243 monumentum,

470 2279 542 2352 quo
562 2250 643 2350 post
663 2252 771 2322 multa
801 2249 905 2322 etiam
927 2247 1042 2324 secula
1068 2245 1240 2324 victurum
1265 2273 1342 2323 eum
1364 2250 1475 2348 spero.
1525 2252 1596 2328 Cui
1622 2273 1663 2327 tu

467 2355 556 2426 alter
580 2348 720 2441 Jacobus
742 2365 918 2440 oportune
942 2347 1028 2418 mihi
1050 2344 1158 2436 Dolae
1181 2345 1379 2434 successisti,
1412 2347 1508 2444 quod
1530 2373 1597 2445 ego
1610 2349 1662 2422 in·

466 2468 521 2521 ter
536 2445 649 2542 prima
666 2439 855 2514 felicitatis
863 2461 950 2512 meae
965 2443 1082 2538 capita
1095 2444 1219 2514 merito
1236 2439 1407 2517 recenseo.
1456 2443 1551 2534 Quis
1569 2445 1662 2522 enim

465 2542 533 2617 snit
549 2545 585 2616 in
603 2537 763 2614 docendo
782 2533 1004 2630 diligentior,
1029 2539 1232 2622 humanior,
1256 2539 1427 2634 peritior?
1451 2542 1506 2614 Ac
1529 2542 1678 2615 utinam·

467 2662 534 2736 ego
552 2632 684 2712 fuissem
712 2655 783 2707 tam
811 2629 945 2706 sedulus
976 2630 1193 2729 discipulus,
1218 2656 1320 2728 quam
1345 2655 1381 2708 tn
1407 2634 1554 2711 dostor..
1586 2636 1661 2710 Ali-

465 2737 550 2831 quid
568 2753 700 2812 tamen,
726 2745 818 2802 certe
833 2743 946 2802 totum
960 2731 1031 2802 hoc
1046 2731 1142 2824 quod
1161 2728 1257 2815 scio,
1290 2726 1370 2803 crim
1394 2753 1414 2805 a
1442 2753 1478 2806 te
1507 2735 1657 2828 ingenue

466 2855 520 2903 me
546 2825 713 2924 accepisse
738 2820 940 2920 agnoscam,
965 2822 1005 2899 dc
1025 2825 1188 2900 lubenter
1204 2824 1408 2922 agnoscam,
1432 2829 1469 2902 δι
1486 2849 1660 2926 perpetuo

465 2925 667 3022 agnoscam,
691 2918 836 2997 obsecro
855 2943 895 2994 ut
919 2922 957 2994 dc
975 2940 1012 2991 tu
1028 2923 1230 3017 opinionem
1251 2919 1437 3010 finistram,
1459 2946 1564 3019 quam
1587 2947 1659 2998 ma·

463 3024 571 3098 levoli
593 3020 749 3093 homines
765 3015 831 3090 tibi
849 3014 1029 3089 adversum
1044 3038 1098 3088 me
1124 3019 1407 3103 incantaverunt,
1431 3022 1570 3094 eximas.
1595 3021 1659 3094 Me

466 3119 557 3194 enim
572 3114 706 3212 semper
719 3109 938 3209 gratissimum
954 3107 1179 3204 discipulum,
1206 3115 1242 3187 dt
1256 3113 1397 3185 laudum
1412 3134 1547 3188 tuarum
1569 3137 1659 3210 pree-

463 3237 618 3299 conem,
648 3229 859 3306 quocunque
890 3227 1068 3279 terrarum.
1081 3208 1206 3290 ivero,
1236 3209 1436 3304 experieris.
1484 3209 1543 3284 De
1565 3211 1658 3284 Aca-

464 3309 586 3385 demiae
604 3308 702 3402 hujus
722 3300 872 3378 successu
896 3323 977 3396 quae
995 3325 1015 3375 a
1040 3323 1095 3374 me
1120 3301 1223 3376 scribi
1245 3301 1432 3393 desideras,
1453 3305 1524 3402 jam
1543 3328 1563 3379 a
1579 3311 1656 3403 ple·

464 3405 578 3499 risque
602 3421 703 3476 antea
726 3399 918 3491 intelligere
940 3397 1106 3491 potuisti,
1130 3399 1190 3492 qui
1216 3399 1298 3472 hinc
1314 3402 1359 3474 ad
1376 3423 1441 3475 vos
1466 3403 1655 3477 redierunt.

463 3501 585 3576 Alcimi
615 3493 803 3592 profitendi
832 3491 1020 3566 institumm
1044 3493 1107 3564 tibi
1128 3516 1271 3589 quoque
1294 3497 1473 3592 cognitum
1495 3498 1653 3571 arbitror.

464 3595 552 3692 Ejus
576 3591 653 3665 sane
669 3589 840 3684 specimen
864 3588 1021 3682 accipere
1042 3592 1172 3681 poteris
1196 3613 1240 3662 ex
1256 3589 1524 3663 Commentariis
1546 3595 1582 3664 in
1607 3591 1651 3664 L.

463 3689 634 3766 detestari.
659 3684 697 3758 ff.
723 3687 768 3758 de
799 3684 985 3758 verborum
1016 3680 1333 3777 fignificationibus.
1384 3685 1534 3760 Videtur
1558 3709 1651 3761 certe

458 3789 514 3885 jus
532 3785 637 3859 civile
650 3783 687 3853 in
706 3801 814 3854 artem
832 3775 1032 3865 coacturus,
1057 3775 1104 3852 stc
1128 3781 1245 3852 omnia
1263 3799 1409 3854 conatur
1432 3785 1468 3854 in
1492 3785 1649 3876 regulas,

461 3881 705 3974 exceptiones,
740 3873 1024 3969 limitationesque
1053 3873 1219 3968 redigere.
1269 3873 1328 3948 De
1348 3899 1391 3947 eo
1417 3877 1531 3949 malim
1552 3897 1650 3952 tuum

457 3979 625 4076 judicium
649 3973 799 4055 audire,
834 3969 937 4064 quim
966 3990 1080 4041 meum
1103 3969 1270 4063 proferre.
1329 3967 1558 4046 Profitebatur
1586 3975 1647 4048 hic

460 4077 563 4148 etiam
573 4089 672 4146 antea
687 4066 790 4140 senex
802 4065 941 4161 quidam
958 4062 1136 4158 Hispanus
1150 4068 1208 4138 cui
1220 4089 1342 4139 nomen
1359 4067 1405 4140 est
1416 4069 1562 4140 Salvator
1573 4067 1649 4140 Fer-

457 4168 620 4246 dt'nandut.
668 4163 703 4236 Is
726 4183 848 4238 contra
878 4162 1038 4234 Abiorum
1065 4161 1249 4250 irritatus,
1272 4161 1395 4258 sponte
1416 4161 1450 4237 se
1475 4165 1517 4236 ab
1541 4163 1647 4258 profi-

1552 4264 1648 4340 tendi

501 4385 564 4473 (4)
583 4385 671 4454 Duos
689 4383 709 4468 J
717 4379 916 4480 pessos]
935 4379 1075 4482 Nempe
1095 4353 1494 4480 Duxrnnmhuncootae,
1517 4385 1553 4455 a,
1573 4379 1646 4456 Vot-

457 4470 576 4536 tcrdsm
594 4469 758 4547 Lovann,
778 4467 822 4536 de
842 4481 912 4550 quo
932 4483 969 4536 tn
988 4465 1096 4622 Νὸιιὲ
1110 4467 1154 4536 ad
1174 4467 1303 4536 Vitam.
1320 4469 1366 4539 N.
1387 4469 1480 4538 xlfl,
