4882 5804
755 701 838 804 ns
864 659 1887 806 vinnrrrsnnrrnzuronenr
2003 801 2007 811 ,

754 869 976 951 omnimo
997 867 1187 960 Widrlrre,
1207 885 1279 948 nnn
1294 895 1370 970 quo
1392 870 1458 950 tibi
1477 887 1573 948 nunu
1770 877 1947 971 gratuler,

751 965 813 1046 sed
827 987 900 1070 quo
914 972 1108 1070 pleniorem
1130 975 1281 1070 minuam
1293 970 1495 1067 gaudiimei
1515 965 1588 1044 tell·
1657 973 1787 1047 tionem
1804 973 1870 1046 tibi
1887 997 1946 1049 cx·
2024 957 2046 1000 ⁰

734 1068 913 1154 'bibrum
936 1071 1116 1167 epistolam
1130 1071 1221 1144 banc
1236 1068 1283 1141 ad
1301 1090 1339 1142 te
1355 1068 1471 1142 mino,
1516 1065 1620 1163 Saepe
1637 1069 1729 1140 enim
1745 1091 1863 1144 coram
1881 1071 1945 1148 tibi
2095 1099 2097 1104 ·

733 1179 853 1261 ‚amca
868 1158 1024 1279 ollendl,
1100 1185 1154 1241 arn
1171 1165 1456 1276 saudaumim
1476 1159 1710 1276 concepissem
1717 1214 1729 1251 ,
1754 1167 1850 1258 quod
1870 1168 1946 1242 diu-

752 1275 964 1434 Sabinis
981 1316 1120 1436 mn
1136 1255 1948 1467 {rsdlnbtnfflillnlfffiiilns

681 1507 685 1516 ·
753 1465 858 1530 neum
878 1465 993 1528 ameni
1015 1457 1082 1542 cst,
1113 1473 1157 1530 uc
1175 1465 1309 1548 manto
1335 1455 1499 1550 majorem
1525 1454 1790 1548 longioremque
1819 1455 1864 1532 dc
1889 1475 1949 1532 tua

752 1549 1011 1627 massuetum
1028 1543 1389 1638 comminuamus
1423 1550 1527 1622 etiarn
1550 1550 1712 1622 uberiore
1734 1551 1866 1626 reditur
1896 1555 1951 1628 tui

754 1645 860 1738 fllvl,
883 1651 1069 1745 voluptate
1084 1645 1316 1744 perfruamur.
1363 1642 1449 1720 Heu
1464 1646 1603 1740 quoties
1617 1664 1657 1718 ru
1672 1643 1773 1720 nubis
1783 1643 1951 1726 incubos

755 1745 903 1821 Miris
922 1747 1162 1833 nuncidbiris,
1183 1743 1286 1840 quim
1301 1742 1405 1838 plena
1427 1739 1577 1836 suspiriis
1595 1761 1716 1815 mutua
1737 1744 1780 1816 de
1806 1763 1840 1816 re
1863 1745 1947 1820 ami

753 1851 877 1918 corlon
892 1841 1099 1936 colonus?
1119 1855 1166 1915 an
1187 1837 1365 1935 quisquam
1388 1838 1496 1933 igitur
1513 1857 1652 1934 aeqnum
1674 1836 1740 1912 eise
1757 1859 1881 1934 neget,
1906 1857 1947 1916 ut

755 1937 942 2034 &gaudio
964 1937 1106 2012 viciffim
1127 1933 1314 2031 impensius
1348 1935 1607 2029 indulgeamus,
1633 1934 1817 2030 postquam
1841 1935 1948 2009 animi

754 2053 891 2108 amem
918 2032 956 2107 δι
988 2030 1084 2107 lusio
1111 2045 1146 2106 td
1170 2032 1330 2112 restituto
1357 2029 1661 2126 conquieverunt?
1686 2030 1812 2105 Nostra
1844 2035 1950 2108 eriam

752 2130 926 2214 amicitia,
950 2129 1137 2204 charisime
1154 2117 1341 2212 Wlhslmr,
1359 2126 1530 2222 postulare
1546 2123 1947 2218 hocofficlumvidetur,

589 2237 604 2290 .’
753 2243 796 2300 ut
812 2235 1073 2300 monumentum
1088 2223 1161 2300 live
1187 2223 1418 2298 testimonium
1441 2221 1586 2319 aliquod
1608 2223 1673 2296 tibi
1696 2227 1947 2318 relinquamus,

754 2322 849 2396 unde
871 2315 1025 2414 nostrum
1048 2322 1086 2396 in
1109 2344 1145 2396 te
1180 2315 1342 2394 affectum
1366 2313 1534 2408 aellirnes,
1570 2341 1611 2390 ac
1635 2337 1671 2391 te
1705 2319 1851 2395 subinde
1872 2319 1948 2416 ipse

753 2433 873 2494 rerum
895 2431 1031 2494 tuarum
1069 2417 1236 2492 memoria
1279 2429 1414 2491 'recrees
1443 2411 1482 2488 dr
1515 2409 1677 2488 oblectes.
1727 2414 1944 2492 Naturaliter

753 2518 888 2688 guippe
905 2515 1091 2599 evenit,.nt
1104 2511 1170 2610 ipfi
1189 2513 1400 2596 exultemus,
1426 2508 1507 2581 dum
1523 2511 1670 2581 aliorum
1681 2509 1724 2584 de
1740 2512 1842 2586 nobis
1886 2533 1945 2590 au·

779 2635 850 2688 rum
865 2609 929 2708 ipsi
943 2607 1194 2708 perspicimus,
1220 2608 1258 2682 dr
1291 2605 1549 2702 praeteritornm
1570 2603 1728 2677 laborum
1760 2607 1849 2681 dulc'
1877 2632 1945 2682 rma

755 2703 953 2784 recordatio
976 2701 1043 2780 else
1069 2705 1165 2780 iblec
1215 2695 1334 2777 Nobis
1364 2719 1478 2776 aurem
1500 2713 1601 2774 tanto
1625 2705 1738 2796 major
1756 2703 1950 2801 justiorque

755 2797 805 2880 eil
820 2805 1015 2902 gratulandi
1032 2799 1189 2886 occasio,
1214 2812 1349 2901 quinto
1364 2789 1428 2872 nbi
1446 2795 1621 2874 honestior
1635 2795 1703 2872 fuit
1719 2797 1867 2896 suscepti
1896 2821 1946 2874 at·

756 2915 826 2997 q'ue
842 2902 979 2976 executi
992 2890 1141 2988 corlsrlli,
1164 2889 1315 2989 roridos*
1335 2891 1446 2970 causn.
1498 2891 1537 2966 Si
1556 2893 1633 2987 quis
1650 2907 1694 2967 eie
1717 2895 1810 2968 bello
1828 2898 1949 2982 miles,

756 3005 801 3073 εἰ
819 2995 1047 3072 trausmmirra
1071 2996 1212 3091 regione
1237 3012 1439 3078 mercator,
1472 3012 1516 3062 ex
1543 2989 1733 3084 longingna
1759 2991 1948 3068 Academiit

755 3090 948 3188 disciplinae
968 3091 1166 3176 studiosus,
1196 3089 1239 3164 ab
1266 3088 1415 3162 barbaro
1439 3077 1539 3180 Rege
1563 3089 1744 3180 populove
1772 3089 1947 3183 legatione

754 3175 917 3274 surdius,
941 3189 1076 3276 redeat,
1094 3189 1156 3284 qui
1173 3186 1246 3260 illic
1263 3187 1468 3278 complexus
1497 3199 1702 3276 parentum,
1727 3187 1857 3280 propin
1885 3209 1950 3259 uo·

755 3282 851 3369 rum,
879 3281 1065 3370 sodalium,
1088 3279 1441 3376 amicorumqueiAc
1458 3299 1527 3350 tarn
1535 3272 1740 3386 periculosae
1756 3209 1947 3374 profeilio·
1967 3323 1974 3332 ·

756 3381 810 3456 nis
833 3377 1045 3474 difficilisque
1061 3381 1213 3466 itineris,
1238 3397 1315 3473 quae
1327 3376 1436 3470 magis
1446 3383 1563 3469 granta
1581 3375 1637 3445 vel
1653 3375 1836 3449 laudabilis
1847 3377 1946 3460 causa

785 3477 929 3561 traferri,
960 3477 1202 3571 excogitarire·
1222 3472 1340 3569 polin,
1366 3471 1470 3564 quim
1493 3467 1625 3554 elica,
1650 3491 1731 3566 quae
1747 3491 1783 3543 te
1806 3475 1917 3548 movit
1926 3474 1945 3545 ’ἐ

756 3501 990 3648 bidelicetut
1011 3569 1257 3644 saerosaniiunr
1277 3567 1425 3640 Domini
1444 3563 1665 3660 sepulchrum
1681 3563 1833 3654 viseres,
1859 3570 1895 3644 dr
1908 3591 1948 3644 ea

756 3675 836 3748 loca
854 3670 1041 3764 aspiceres,
1067 3667 1126 3742 ubi
1141 3663 1251 3759 Jacob
1264 3663 1389 3738 scalam
1404 3665 1439 3736 in
1457 3664 1581 3734 coelum
1600 3663 1820 3755 tendentem,
1845 3688 1948 3762 ange·

630 3815 634 3822 ·
755 3773 811 3843 los
832 3767 1080 3843 descendentes
1115 3764 1228 3848 vidit,
1262 3785 1302 3833 ut
1336 3781 1418 3832 curn
1439 3755 1554 3922 Reii)
1579 3756 1756 3853 Propheta
1787 3759 1951 3836 adorares

756 3865 949 3938 Dominum
967 3861 1028 3932 ubi
1044 3859 1211 3932 steterunt
1228 3859 1334 3952 pedes
1354 3855 1450 3948 ejus,
1476 3855 1536 3926 uri
1556 3875 1657 3928 natus
1685 3853 1752 3941 est,
1785 3857 1844 3929 ubi
1864 3860 1947 3930 edu·

756 3973 878 4045 maur,
904 3959 964 4046 ubi
987 3955 1067 4031 fidei
1091 3953 1217 4029 nostrae
1231 3947 1464 4026 sanslillrmum
1491 3948 1720 4046 Euangeliurn
1746 3955 1947 4050 promulga-

755 4057 830 4151 vit,
853 4053 915 4128 ubi
932 4075 1109 4134 mortuus,
1134 4051 1195 4124 nbi
1209 4047 1412 4129 resurrexit,
1434 4043 1525 4118 unde
1542 4047 1578 4116 ln
1593 4049 1718 4120 coelum
1737 4050 1861 4138 rediit,
1884 4051 1948 4124 bu-

756 4173 870 4226 rnanae
891 4149 1007 4222 salutis
1030 4150 1183 4243 optimus
1217 4143 1450 4240 maximusque
1479 4143 1680 4238 redemptor
1716 4167 1758 4218 ac
1793 4143 1949 4219 servator

709 4331 710 4336 ,
756 4247 895 4344 lusus
918 4245 1169 4319 Crrnrsrus.
1219 4239 1300 4314 Nec
1319 4243 1431 4312 minus
1449 4259 1589 4334 quoque
1605 4238 1710 4312 ardua
1730 4239 1777 4312 est
1801 4240 1948 4334 haecJe·

755 4339 1002 4440 r‘osolymitana
1025 4339 1262 4438 peregrinatio
1292 4335 1395 4431 quim
1421 4331 1601 4430 religiosa,
1637 4334 1870 4428 navigandum
1897 4335 1948 4410 est

744 4441 848 4520 'cuim
867 4437 1049 4512 barbarum
1065 4458 1178 4523 mare,
1202 4457 1266 4532 per
1288 4435 1399 4508 multa
1422 4432 1553 4504 milium
1570 4430 1682 4516 milla,
1708 4425 1874 4526 nusquam
1893 4451 1949 4508 ru·

753 4555 811 4614 rus
834 4533 896 4612 ubi
917 4534 1044 4632 hyeme
1074 4551 1209 4634 portus.
1256 4527 1352 4616 Nam
1379 4551 1460 4628 quas
1484 4523 1734 4622 circumjacent
1761 4525 1881 4606 insulae
1905 4529 1946 4605 dr

1818 4644 1951 4718 rerrae,
