4612 5850
614 573 1751 718 356V1GLIIAuAY'I'TAZUICHEM1
1890 655 1902 679 .

617 792 787 869 ditionem
810 809 852 863 ae
869 787 1096 885 temporalem
1111 785 1238 884 populi
1257 781 1460 886 applausum
1477 784 1615 878 viciii'e,
1639 789 1747 868 vaide
1767 779 1821 866 uti

619 886 727 964 sero
759 880 938 960 fallentur.
995 881 1159 980 Plerique
1197 903 1313 958 autern
1327 881 1439 960 nobis
1463 887 1657 975 nuntient,
1689 910 1823 987 propo·

636 982 719 1060 uisse
741 981 867 1058 Gallos
890 979 1027 1078 Spiram
1056 999 1198 1078 quoque
1223 1001 1265 1056 ec
1286 979 1519 1055 Wormatiaru
1546 981 1584 1056 in
1609 981 1704 1058 suam
1722 1003 1823 1084 pote·

558 1134 561 1139 -
621 1081 742 1156 statem
762 1077 937 1176 redigere:
962 1073 1098 1174 quodsi
1118 1072 1202 1166 fiet,
1227 1073 1374 1151 sentient
1390 1098 1508 1152 earum
1530 1077 1711 1154 civitatum
1725 1087 1823 1159 inco-

621 1179 687 1263 le,
711 1195 881 1274 quantum
902 1176 999 1247 inter'
1014 1173 1162 1248 cesaris
1179 1195 1222 1247 ne
1241 1171 1340 1248 Galli
1360 1171 1552 1269 Imperium
1576 1174 1717 1252 interire
1766 1177 1824 1252 Te

622 1293 742 1352 eutem
766 1267 869 1346 isthic
887 1271 986 1368 cupit
1008 1265 1184 1346 subsistere
1201 1265 1364 1365 Regina,
1389 1269 1556 1368 quamdiu
1580 1274 1660 1349 tutti
1679 1273 1825 1363 licebit,

626 1371 666 1446 δι
695 1365 875 1466 quousque
902 1364 1145 1468 annunciunqio
1172 1365 1273 1440 nobis
1297 1387 1338 1439 ea
1360 1385 1440 1461 quae
1458 1363 1558 1441 isthic
1580 1387 1733 1466 aguntur
1752 1371 1826 1446 offi-

626 1467 720 1542 cium
743 1461 856 1540 libere
880 1461 1043 1560 praesture
1073 1463 1219 1560 poteris.
1275 1461 1350 1538 Scri
1378 1459 1485 1536 serant
1510 1463 1574 1538 tibi
1594 1469 1755 1562 proxime
1779 1470 1826 1545 de

627 1561 745 1638 vicina
768 1561 882 1658 ulique
900 1558 985 1634 urbe
1009 1555 1187 1634 adeunda:
1211 1556 1269 1633 sed
1292 1485 1410 1656 potira
1428 1559 1583 1655 cogitavi
1604 1559 1708 1638 sarius
1729 1559 1830 1656 fore,

628 1678 671 1734 nt
691 1657 866 1745 Aletzen,
897 1674 957 1730 unt
980 1651 1264 1730 Crutzenachunr
1296 1653 1498 1730 concedas:
1532 1656 1594 1730 ubi
1620 1661 1657 1733 in
1682 1665 1829 1760 propin·

631 1775 709 1852 quo
733 1751 841 1830 haber
859 1751 993 1852 postne,
1019 1751 1058 1828 &
1080 1750 1179 1828 unde
1192 1749 1300 1826 facile
1320 1773 1427 1850 queas
1446 1749 1706 1832 confluentiam
1724 1779 1778 1850 te„
1801 1757 1828 1836 fi

633 1873 658 1926 o
685 1873 726 1926 us
754 1849 822 1940 est,
855 1849 1079 2019 proripere.
1109 1845 1192 1926 Nec
1217 1848 1262 1923 de
1286 1849 1387 1950 equis
1419 1848 1528 1924 deber
1549 1848 1616 1924 effe
1642 1851 1829 1943 sollicitus,

680 1971 715 2022 m
737 1947 950 2022 Postartoee
1002 1969 1141 2022 manum
1164 1945 1292 2021 habeas
1353 1940 1467 2034 Quod
1491 1943 1519 2036 ii¹
1532 1969 1647 2022 autem
1665 1949 1770 2048 Spiri
1793 1955 1831 2026 in

632 2043 785 2142 aliquem
811 2067 857 2120 ex
880 2039 1056 2142 praediiiir
1080 2041 1170 2120 locis
1191 2064 1281 2118 conc
1330 2041 1425 2126 eris,
1451 2039 1508 2118 fae
1530 2043 1582 2118 ibi
1608 2047 1758 2143 aliquem
1774 2071 1829 2123 re·

632 2142 772 2240 linquar
780 2192 793 2231 ‚
818 2145 880 2238 qui
897 2163 1013 2216 rerum
1028 2141 1151 2216 statum
1174 2141 1219 2216 ud
1235 2158 1271 2213 te
1286 2137 1387 2236 poffit
1396 2135 1624 2236 perscribere.
1662 2143 1711 2217 Et
1721 2167 1829 2242 quum

633 2239 794 2316 nonnulli
817 2260 862 2314 ex
886 2234 1115 2315 Affess'oribus
1138 2239 1176 2312 in
1200 2235 1318 2312 vicina
1340 2236 1421 2310 loca
1442 2233 1540 2312 forte
1563 2236 1722 2316 seceiiuri
1746 2239 1833 2324 fint,

634 2359 720 2412 cura
743 2335 947 2412 utiliorum
970 2335 1096 2412 litteris
1121 2333 1165 2408 de
1188 2334 1231 2408 iis
1253 2353 1334 2430 quae
1356 2329 1421 2431 ipii
1448 2337 1703 2431 cognoverint,
1728 2337 1834 2436 poffis
1869 2383 1875 2394 ·

635 2431 786 2511 subinde
811 2433 940 2508 certior
960 2431 1072 2508 reddi.
1121 2429 1255 2506 Salaria
1271 2425 1386 2503 vestra
1405 2451 1533 2506 vereor
1562 2453 1606 2508 ne
1631 2433 1669 2507 in
1692 2436 1832 2530 pericu·

635 2525 724 2604 lurn'
739 2549 921 2604 vocentur.
970 2523 1045 2602 litii
1074 2546 1190 2603 autem
1213 2523 1331 2602 ceteri
1364 2525 1482 2606 Statue
1514 2549 1587 2603 non
1620 2529 1833 2626 praestnbunt

511 2632 518 2648 '
634 2622 782 2701 fortnffis
796 2625 891 2719 quod
910 2622 1061 2713 debent,
1086 2643 1153 2720 ego
1176 2643 1292 2698 tamen
1310 2619 1463 2712 videbo,
1486 2619 1513 2696 st
1536 2623 1724 2726 impetrare
1751 2649 1831 2724 pot-

637 2741 721 2807 ero,
756 2739 798 2794 ut
813 2718 849 2794 id
872 2717 972 2818 quod
992 2721 1071 2794 haec
1086 2718 1275 2793 Provincia
1295 2719 1520 2796 contribuere
1535 2720 1643 2806 solet,
1667 2727 1833 2821 quamdiu

635 2813 785 2914 Reginae
802 2811 892 2916 J‘uffa
914 2813 1095 2918 sequeris,
1120 2815 1186 2892 tibi
1208 2812 1438 2915 persolvatur.
1488 2813 1589 2896 Vale.
1615 2839 1671 2912 ις.
1696 2819 1843 2920 Aprilis,

639 2933 745 3008 ¹551·

455 3109 582 3175 exuo
854 3087 1363 3188 EPISTOLA
1418 3087 1613 3234 cult

455 3189 574 3252 utoIV

362 3232 672 3409 qui»
752 3286 1094 3400 Jusuo
1161 3285 1717 3406 vuuslorr.
1849 3279 1873 3364 ι

443 3505 494 3586 ἰ
500 3527 582 3608 551.
640 3485 744 3582 Non
779 3481 1044 3599 excusandum
1078 3487 1173 3574 dicit
1213 3485 1328 3601 opud
1372 3482 1587 3596 Velfium,
1622 3485 1835 3598 stlenrr'rrm

684 3599 822 3718 suum.
889 3597 1055 3690 Gaudet
1091 3597 1206 3688 illum
1243 3599 1406 3713 mutaffi·
1430 3599 1580 3715 sedem.
1645 3599 1747 3694 Non
1782 3603 1837 3716 est
1917 3671 1922 3681 .

684 3711 768 3827 sthi
796 3717 919 3802 otium
947 3731 993 3800 ret
1019 3711 1105 3802 Ari
1136 3711 1276 3800 orclem
1304 3712 1442 3828 legat,
1469 3736 1543 3801 orer
1569 3711 1765 3828 Simplicii
1793 3727 1836 3807 in
1930 3801 1934 3812 .

697 3855 792 3918 curn
817 3831 1056 3945 categorias,
1098 3825 1154 3914 rbi
1173 3847 1257 3945 per
1286 3823 1465 3946 Velfium
1492 3849 1750 3945 nuncupatas.

730 4019 800 4100 Uae
823 4019 924 4100 cansa
957 4018 1087 4111 fuerit,
1117 4017 1320 4098 Dofliffime
1349 4020 1458 4120 Veifi,
1488 4044 1529 4100 ut
1551 4023 1596 4100 ad
1621 4047 1691 4104 tum
1715 4027 1840 4102 multat
1908 4079 1913 4086 -

754 4141 830 4196 tuas
853 4121 1008 4204 litteren,
1046 4117 1127 4194 citu
1149 4115 1292 4217 iniignin
1315 4137 1386 4194 ture
1406 4121 1641 4208 eruditionis,
1674 4145 1749 4199 rum
1769 4127 1842 4221 pri·

642 4217 741 4294 stiuae
763 4217 1036 4306 benevolentiae,
1069 4239 1150 4316 quae
1175 4215 1266 4292 inter
1291 4237 1357 4292 noe
1377 4217 1423 4296 ub
1446 4217 1588 4296 ineunte
1610 4239 1715 4297 aetute
1739 4243 1842 4332 enor-

686 4416 751 4507 (ι)
770 4415 860 4506 Justo
882 4416 1130 4508 r'ero1vutgn
1153 4415 1317 4507 Wtserrr3
1336 4419 1419 4490 Ernt
1443 4317 1842 4508 Hrgmomttanusdiiffi

644 4515 744 4576 turue
757 4547 770 4591 ,
783 4501 914 4575 ¹‹iostor
972 4501 1092 4577 edices
1111 4503 1351 4638 LouenIepssr.
1390 4506 1423 4576 Ie
1439 4505 1632 4591 „Lovtuio
1654 4508 1844 4674 ριιῖξιιωςιοιῗις
