4742 5814
487 601 704 740 EPIST.
734 589 1039 728 SELECTAE
1064 617 1132 694 an
1159 595 1492 702 DlVERSOS.
1530 607 1625 724 ²795

418 801 691 888 incursionibus,
725 802 880 898 graviter
907 803 1020 899 patria
1056 799 1200 886 nostra,
1240 799 1446 899 finitimique
1480 795 1611 900 populi·

416 903 536 977 vexati
554 897 719 988 suerunt,
744 899 805 972 vix
824 898 890 972 oili
917 919 1032 971 tamen
1057 896 1161 970 citius
1178 900 1300 993 jugum
1327 896 1522 986 excussere,
1545 921 1607 973 aut

403 992 595 1095 pristinam
622 993 817 1068 libertatern
847 990 917 1066 save
946 990 1135 1068 defendere
1155 989 1308 1078 fortius,
1341 993 1412 1067 sive
1435 996 1607 1069 retinudre

417 1093 568 1186 longius.
617 1087 699 1164 Nec
715 1089 849 1162 cantium
866 1085 1027 1163 adversus
1045 1089 1181 1164 vicinos
1192 1136 1205 1172 ,
1229 1089 1430 1162 dominandi
1452 1091 1609 1163 ambitio·

417 1211 482 1274 ne,
507 1209 629 1262 eorum
643 1185 795 1281 quietem
822 1185 1086 1278 libertatemque
1103 1184 1305 1271 turbantes,
1329 1179 1487 1281 piurimis
1516 1185 1607 1281 saepe

416 1284 545 1380 preliis
558 1281 749 1380 superiores
765 1281 978 1366 extiterunt,
1002 1278 1240 1354 verumetiam
1257 1301 1458 1354 exterorum
1476 1279 1609 1354 Princi-

417 1401 527 1476 pum,
550 1379 588 1452 in
614 1377 793 1452 asserendo
825 1374 888 1450 fibi
911 1375 1038 1449 Patriae
1068 1371 1193 1452 nostrae
1215 1375 1419 1464 dominatu,
1440 1397 1607 1460 conatus,

419 1473 604 1551 clarissumis
620 1474 772 1548 nistoriis
786 1473 903 1546 irritos
923 1469 1092 1546 fecerunt.
1126 1469 1249 1556 ,Unde
1266 1470 1341 1568 ipso
1358 1474 1516 1568 gentium
1528 1473 1609 1569 jure

418 1567 564 1646 fimdata
592 1591 715 1644 eorum
735 1569 898 1654 libertas,
922 1587 1188 1662 temporumque
1220 1569 1388 1663 longaevo
1418 1567 1487 1641 uso
1515 1592 1618 1642 com·-

418 1667 570 1754 mnnita,
596 1666 666 1738 alio
682 1687 754 1738 non
778 1664 919 1737 videtur
934 1658 1115 1758 indiguisse
1138 1663 1344 1758 privilegio,
1369 1660 1433 1736 nist
1447 1667 1609 1746 tandem,

419 1763 564 1836 internis
595 1758 805 1856 defatigatos
829 1757 1009 1834 discordiis
1021 1809 1034 1846 ,
1073 1755 1146 1856 ipsa
1180 1781 1300 1834 return
1338 1779 1609 1858 temporumque

416 1855 611 1934 viciffitudo
640 1855 702 1932 sub
718 1877 855 1954 aequum
878 1854 1013 1930 caesaris
1037 1854 1218 1951 imperinm
1244 1877 1304 1929 eos
1326 1853 1523 1930 seduxisset.
1572 1857 1610 1930 si

417 1955 497 2050 quis
515 1945 833 2034 autem'existeret,
858 1952 919 2047 qui
938 1955 1016 2026 haec
1031 1951 1075 2025 ab
1094 1951 1169 2024 aliis
1184 1952 1364 2026 autoribus
1378 1953 1505 2047 partim
1524 1951 1617 2026 deli·-

418 2049 517 2138 bata,
551 2051 679 2145 partim
712 2047 856 2142 privatis
883 2045 1010 2121 Patriae
1032 2047 1158 2124 nostrae
1188 2050 1438 2136 monumentis,
1470 2069 1547 2144 qnae
1571 2047 1610 2122 &

419 2142 647 2232 Monasteria,
672 2145 709 2220 δι
731 2140 917 2215 Nobilium
939 2143 1093 2238 antiquae
1112 2145 1256 2231 domus,
1280 2141 1319 2216 dt
1346 2141 1370 2215 fi
1399 2168 1478 2240 quae
1501 2142 1621 2239 usque

419 2236 500 2316 sunt
513 2241 655 2334 publica
671 2239 835 2324 archiva,
859 2235 1025 2314 exhibere
1049 2237 1203 2332 possent,
1228 2239 1481 2334 comprehensa
1501 2261 1623 2334 atque-

417 2334 639 2422 conservata,
665 2351 763 2408 certo
790 2333 913 2406 ordine
931 2335 966 2404 in
985 2356 1093 2407 nnum
1112 2355 1250 2428 corpus·
1268 2336 1510 2418 concinnaret,
1534 2335 1609 2430 spe·

408 2433 508 2507 ciem
532 2428 710 2506 saltemnli
738 2451 815 2502 nam
835 2428 963 2502 Patriae
982 2428 1133 2502 historiae
1150 2453 1222 2503 non
1245 2431 1415 2524 ingratam
1433 2432 1533 2506 nobis
1551 2455 1621 2505 ex·-
1739 2509 1741 2512 ,

415 2527 564 2606 biberet.
601 2454 747 2622 Scripflt
762 2526 950 2620 aliquando
965 2525 1009 2598 ad
1026 2547 1081 2599 me
1092 2525 1162 2600 tale
1176 2525 1308 2624 aliquid
1320 2523 1355 2600 se
1368 2530 1483 2610 moliri
1493 2529 1609 2602 Gerar·

418 2627 477 2698 das
493 2625 726 2718 Noviomagus,
757 2617 817 2695 sed
838 2617 956 2695 nescio
971 2621 1056 2717 qnid
1088 2617 1134 2694 ab
1160 2622 1301 2695 bomine
1337 2644 1482 2708 extero,
1506 2627 1612 2698 &eo

422 2717 605 2815 expesiare
621 2718 821 2795 debeamus.
870 2717 981 2790 Porro
996 2715 1121 2813 saepius
1136 2719 1260 2814 optavi
1277 2739 1432 2810 mecum,
1456 2723 1529 2816 qud
1546 2721 1620 2792 tibi·

422 2813 498 2925 ejus
516 2818 567 2890 rei
583 2812 736 2889 studium
752 2812 1008 2898 adlubesceret,
1033 2835 1054 2886 a
1078 2833 1148 2908 qua
1167 2814 1227 2909 spe
1249 2837 1328 2887 cum
1355 2839 1447 2910 pene
1471 2817 1619 2890 excide--

419 2933 485 2988 rlm
503 2911 684 3007 postquam
706 2909 751 2982 ad
773 2907 951 3004 Rempub.
976 2905 1200 2997 esteversus,
1225 2906 1371 2982 fratrem
1384 2933 1499 2986 tamen
1510 2929 1613 2984 tuum

420 3007 590 3095 Ausonium
606 3005 748 3100 rogavi,
768 3023 813 3080 ‚ut
836 3001 862 3076 st
887 3027 967 3097 qnae
990 3004 1084 3099 apud
1110 3006 1280 3079 nostrates
1301 3008 1374 3099 ejus
1393 3007 1529 3102 generis
1546 3031 1606 3080 ex·

419 3119 553 3189 tarent,
565 3102 890 3197 eaconqnirere,ac
906 3100 993 3180 mibi
1007 3103 1184 3193 impartite
1199 3123 1271 3176 non
1285 3123 1496 3196 gravaretur.
1522 3099 1612 3190 Quo

419 3196 486 3271 bac
508 3197 673 3272 videlicet
693 3192 895 3281 occasione,
918 3197 975 3270 vei
997 3194 1102 3290 ipsius
1127 3197 1273 3270 studium
1293 3201 1330 3268 in
1348 3221 1422 3271 eam
1438 3221 1511 3270 rem
1527 3199 1612 3272 inci·

419 3311 552 3380 tarem,
577 3293 636 3368 vel
652 3291 747 3366 cettei
764 3294 960 3380 materiam,
987 3314 1055 3386 qua
1071 3315 1124 3365 me
1139 3291 1213 3388 ipse
1228 3292 1366 3366 fiabinde
1381 3291 1614 3381 oblediarern,

421 3390 481 3466 vel
502 3387 593 3464 unde
615 3391 690 3484 aliis
717 3411 771 3462 res
793 3389 923 3462 nostras
948 3390 1089 3461 meliore
1108 3385 1201 3484 stylo
1230 3392 1403 3466 memoriae
1427 3391 1617 3465 tradendas.

422 3481 604 3580 suggerere
627 3483 778 3578 possem,
800 3485 1011 3578 acciperem.
1060 3483 1119 3558 De
1140 3485 1228 3560 locis
1252 3487 1423 3581 antiquis,
1447 3509 1526 3582 quae
1550 3487 1611 3560 abs

422 3599 458 3652 te
475 3600 591 3653 notata
603 3579 703 3670 sunt,
725 3578 854 3654 summa
870 3601 950 3652 cnm
966 3583 1148 3674 voluptate
1169 3580 1261 3676 legi,
1289 3584 1516 3677 cognovique·
1535 3584 1613 3678 qui-

420 3675 488 3749 bus
512 3697 584 3748 non
597 3675 704 3750 modo
715 3676 850 3767 Appiani
865 3695 1032 3749 conatum
1052 3675 1233 3770 adjuvisti,
1256 3673 1315 3750 sed
1336 3675 1424 3748 mihi
1445 3677 1548 3750 etiam
1571 3679 1611 3749 in

420 3793 537 3866 rerum
555 3771 744 3866 patriarum
764 3768 930 3844 desiderio
952 3767 1155 3846 satisfecisti.
1205 3769 1263 3844 De
1289 3768 1410 3844 Frisaae
1431 3793 1546 3846 tamen
1569 3767 1621 3844 fi·-

416 3867 520 3941 nibus
544 3866 669 3941 dubito
687 3865 826 3952 adhuc,
857 3887 903 3939 an
927 3865 1086 3940 Ptoioaaaei
1103 3863 1298 3953 sententiae,
1329 3868 1392 3964 qni
1414 3869 1458 3942 ab
1482 3867 1610 3942 Rheno

418 3961 587 4059 usquead
615 3959 776 4038 Amasum
796 3959 951 4036 habitare
964 3983 1024 4035 eos
1048 3962 1213 4047 tradidit,
1245 3958 1459 4050 subscribere
1483 3961 1613 4040 debea-

417 4082 505 4135 mus.
555 4055 649 4130 Nam
674 4059 835 4132 Cornelias
853 4056 981 4130 Tacitus
1004 4059 1183 4153 duplicem
1199 4061 1393 4148 dadonem,
1418 4061 1610 4147 maurum,

417 4153 660 4248 majorumque
683 4150 872 4240 recensuit,
889 4149 934 4226 -dt
962 4154 1046 4226 Saea
1072 4155 1304 4234 Grammaticus
1335 4157 1505 4232 minorem
1526 4155 1613 4228 Fre·

422 4247 502 4326 fiam
524 4247 596 4344 (iic
615 4251 707 4324 enim
725 4245 853 4346 &ipse
871 4249 909 4325 δι
930 4246 1046 4337 Reda,
1067 4249 1167 4346 iuxta
1184 4251 1331 4326 nostram
1352 4251 1617 4346 pronunciatio·

418 4366 504 4426 nem
516 4343 671 4424 Patriam
692 4347 843 4426 nosiram
860 4342 1013 4441 vocant)
1024 4345 1069 4424 ad
1087 4344 1274 4445 Eyaoran
1281 4343 1431 4429 flurium
1443 4349 1615 4458 collocat.

1522 4463 1617 4522 mter
