4882 5804
528 605 722 750 nvisp.
751 605 1057 708 senecen
1083 627 1151 706 n>
1178 603 1513 711 mvuusos.
1548 623 1627 734 ra,
1695 685 1697 692 .
1788 555 1791 564 '

326 857 328 862 .
427 787 576 905 liberum
593 791 765 907 judicium
791 791 1007 890 relinquitur.
1057 787 1242 908 Coeperam
1265 813 1380 906 autem
1404 795 1480 908 hoc
1502 791 1621 908 lacere

424 909 595 1061 &primo
610 892 720 975 libro,
747 889 785 964 δι
805 910 894 982 pene
910 886 1145 984 perfeceram,
1168 909 1249 962 curn
1272 890 1415 986 publica
1436 892 1521 966 maht
1534 917 1619 990 pro·

496 1009 520 1060 ο
539 987 745 1062 demandata
762 983 853 1074 fuit,
877 1007 958 1153 quae
970 985 1018 1058 ita
1034 1006 1090 1059 nae
1110 1003 1223 1060 totum
1245 983 1308 1060 fibi
1332 988 1550 1078 vendicavit,
1575 1010 1617 1064 ut

423 1082 522 1177 prius
542 1083 735 1157 institutum
785 1083 861 1156 lane
903 1103 1054 1177 eponere
1076 1102 1231 1179 cogerer.
1278 1081 1337 1158 Eo
1361 1107 1447 1159 vero
1473 1105 1616 1176 munere

250 1175 271 1212 ⁰
422 1175 631 1269 defundet,
658 1103 836 1276 protegite
869 1175 943 1250 sum
957 1177 1069 1250 statim
1084 1176 1121 1250 in
1136 1176 1302 1273 patriam,
1327 1202 1370 1256 ac
1395 1178 1509 1271 nescio
1540 1204 1613 1279 quo

414 1269 496 1352 fato
518 1273 683 1373 appulsus
701 1273 774 1350 snm
790 1274 834 1348 ad
849 1270 1036 1348 Praesulem
1053 1271 1375 1362 Monasteriensem,
1400 1278 1494 1371 apud
1509 1301 1614 1374 quem

419 1369 469 1446 ita
486 1369 553 1446 fiait
566 1375 740 1470 impacata
760 1371 984 1466 inquietaque
998 1393 1075 1446 mea
1092 1368 1267 1452 conditio,
1293 1389 1334 1445 ut
1359 1373 1404 1447 de
1421 1371 1541 1448 studiis
1571 1378 1613 1450 li·

417 1465 567 1567 terisque
582 1491 626 1544 ne
641 1471 803 1564 ,cogitare
826 1463 968 1564 quidem
984 1464 1130 1540 licuerit.
1180 1465 1289 1540 Nunc
1313 1489 1400 1544 vero
1420 1473 1515 1565 apud
1531 1471 1612 1566 Spi·

420 1585 495 1636 ram
515 1563 617 1662 spero
641 1565 727 1638 mihi
746 1565 852 1638 licere
865 1560 980 1638 rursus
995 1585 1075 1638 cum
1092 1558 1202 1636 Mufis
1218 1560 1380 1636 &literis
1405 1565 1442 1638 in
1462 1569 1609 1660 gratiam

420 1659 556 1746 redire,
580 1659 620 1736 ἃ
636 1684 677 1736 ea
694 1683 775 1758 quae
796 1659 912 1734 animo
940 1681 1048 1734 conce
1075 1657 1089 1730 i
1109 1657 1277 1733 excolere.
1327 1658 1423 1755 Qnae
1445 1663 1507 1736 ubi
1531 1685 1610 1759 per·

418 1751 509 1830 lecta
524 1755 747 1855 absolutaque
764 1755 892 1832 fverint
908 1757 953 1830 ad
969 1776 1005 1831 te
1095 1753 1141 1828 ‘m
1156 1754 1358 1840 mittentur,
1383 1757 1422 1832 δι
1442 1779 1487 1848 pe
1514 1777 1609 1832 tuam

416 1853 622 1948 petitionem
646 1854 787 1950 longius
814 1849 993 1942 differam,
1026 1851 1143 1946 primo
1164 1873 1308 1948 quoque
1333 1870 1512 1948 tempore,
1537 1865 1626 1951 quo'

417 1967 474 2026 me
497 1951 572 2025 otio
593 1951 758 2046 &quieti
779 1947 986 2036 reddidero,
1010 1948 1161 2044 primum
1176 1947 1304 2021 librum
1326 1969 1439 2045 prope
1455 1955 1611 2048 comple·

417 2065 493 2117 uam
514 2043 779 2120 describendum
801 2043 915 2131 dabo,
940 2041 1075 2140 tibique
1101 2042 1378 2119 communicabo.
1427 2043 1551 2120 Habes
1566 2050 1612 2122 de

418 2141 505 2214 meis
521 2139 711 2236 isagogicis,
734 2160 829 2214 nunc
845 2141 889 2214 de
905 2160 969 2215 tuo
981 2162 1090 2236 opere
1106 2139 1144 2214 tie
1166 2139 1338 2230 Republica
1353 2140 1545 2230 ordinando,
1568 2166 1610 2220 ut

372 2309 375 2314 .
418 2233 561 2312 vidum
577 2233 673 2331 quod
689 2236 867 2333 polliceris
889 2235 1030 2332 praestee
1055 2255 1157 2332 rogo.
1204 2230 1330 2310 Nolim
1354 2253 1469 2310 tamen
1500 2238 1539 2310 in
1565 2263 1610 2314 eo

416 2329 570 2406 censoris
590 2353 708 2428 partes
733 2331 821 2406 milui
843 2355 864 2406 a
888 2353 924 2406 te
950 2330 1120 2427 delegari:
1145 2327 1287 2428 quaudo
1320 2352 1388 2428 ego
1420 2334 1498 2422 (uti
1514 2331 1608 2426 leia)

414 2424 509 2502 haud
526 2451 567 2504 ea
589 2429 664 2502 sum
690 2426 880 2526 prudentia
908 2429 1101 2598 qsrraeditue,
1127 2445 1168 2502 ut
1189 2429 1233 2500 de
1257 2444 1325 2500 tam
1348 2425 1486 2503 excelso
1506 2453 1608 2527 argn-

413 2544 535 2600 anento
543 2522 705 2621 judicare
728 2523 860 2620 pollina.
938 2523 983 2600 ed
1007 2523 1137 2597 discere
1163 2524 1282 2618 potius
1310 2522 1346 2599 id
1373 2526 1480 2624 cupio
1501 2548 1608 2624 atque

412 2641 522 2710 aveo,
546 2621 644 2716 quod
669 2619 834 2696 detenta
864 2643 902 2696 re
933 2641 1006 2696 tam
1029 2618 1185 2718 prudens
1207 2617 1482 2718 generosumque
1508 2625 1608 2720 inge-

411 2715 508 2791 nium
525 2737 625 2792 tuum
650 2714 784 2791 sentiat.
832 2714 915 2813 Ego
943 2716 1024 2814 post
1047 2739 1155 2791 unum
1177 2719 1369 2792 alterumve
1403 2721 1494 2792 diem
1521 2721 1608 2802 hinc

411 2809 547 2908 Spicum
568 2810 726 2888 abiturus
743 2811 836 2899 sum,
861 2835 901 2886 ut
927 2814 1125 2889 conditioni
1149 2813 1193 2888 ab
1218 2811 1373 2888 Caesarea
1398 2813 1450 2888 M.
1475 2813 1605 2891 oblatae

411 2906 614 2986 deserviam.
662 2905 804 3005 Siquid
822 2907 939 2984 adme
966 2914 1089 2996 volet,
1119 2911 1253 3005 poteria
1275 2909 1384 2984 literia
1417 2909 1605 2987 Coloniam

411 3003 458 3078 ad
480 3002 588 3080 noel.
612 3003 773 3100 Joonoeot
797 3003 817 3045 ³
841 3005 997 3082 mittere:
1023 3009 1116 3082 idem
1140 3027 1207 3100 ego
1230 3001 1354 3079 faciant
1378 3009 1515 3101 quoties
1532 3009 1604 3082 erit
1637 3011 1781 3078 *Dareo

413 3101 457 3172 ad
474 3119 510 3174 te
529 3098 702 3176 scribendi
716 3121 966 3198 argumentum.
1016 3099 1268 3176 Mouasterium
1292 3101 1430 3174 taudem
1449 3102 1495 3175 ab
1510 3101 1604 3176 Prae·
1636 3091 1759 3171 “felm-

411 3189 482 3270 sule
503 3219 582 3272 meo
600 3217 811 3295 occupatum
839 3195 929 3285 elle,
953 3221 1152 3294 quanquam
1176 3197 1236 3272 hic
1270 3219 1363 3272 nnnc
1388 3220 1520 3272 novum
1540 3197 1602 3290 fit,

410 3311 500 3386 puto
520 3313 634 3368 tamen
651 3297 793 3370 eandem
810 3291 936 3368 famam
951 3316 1034 3368 ante
1052 3297 1167 3369 literae
1189 3315 1281 3366 meae
1306 3291 1350 3366 ad
1370 3317 1435 3368 vos
1453 3318 1604 3393 perven-

408 3408 554 3558 tae
570 3389 1600 3562 ..sittace
1632 3513 1657 3578 Ε
1694 3516 1724 3578 ..

405 3596 479 3652 tem
498 3581 638 3672 mittat,
661 3603 818 3677 quotam
848 3584 1030 3678 expectata
1054 3581 1201 3658 vidioria
1227 3580 1320 3656 rede
1344 3602 1477 3658 utatur:
1504 3581 1596 3662 Vale
1623 3535 1679 3656 ,ηιξ
1700 3537 1757 3659 110.ι

403 3697 448 3750 ex
473 3674 622 3754 Virdum
651 3681 707 3752 28.
729 3675 824 3772 Junii
849 3699 953 3774 1535.
1629 3669 1684 3734 “³¹-
1704 3689 1774 3753 ivi·

630 3829 1135 3926 uv1svoan
1200 3757 1385 3932 cxv.
1641 3814 1748 3890 ¹⁵³⁵·

1627 3935 1733 3994 ¹¹Alias

456 4005 777 4116 JOANNI
833 4003 1537 4102 FERENBERGIQe
1606 4015 1729 4074 'streu-

399 4165 502 4286 ‘485²
523 4175 682 4284 gratias
708 4165 841 4285 saper
875 4167 1031 4250 demeto
1063 4158 1145 4270 sthi
1171 4159 1389 4278 (Μυκη
1419 4159 1599 4252 comem
1627 4094 1757 4230 mv

404 4337 409 4348 ·
481 4279 747 4400 Imperialt's,
779 4263 1027 4394 interceffore
1058 4275 1233 4390 Georgia
1248 4271 1511 4392 Hermanno.
1628 4249 1715 4402 2225}

401 4437 613 4617 OUanta
629 4447 669 4524 s1t
686 4446 846 4522 amicitiae
865 4444 1038 4540 visaeque
1054 4441 1204 4528 utilitas,
1228 4439 1286 4514 vir
1304 4433 1502 4528 clarili'tme,
1524 4459 1598 4513 non
1629 4407 1748 4550 §xpp

445 4637 482 4716 Τ
514 4541 776 4712 renitentem
792 4544 1023 4620 monumentis
1033 4531 1600 4710 vgterumquetestimoniiserudss
1630 4563 1701 4623 „qm

475 4661 534 4715 ota.
596 4687 606 4711 .
1085 4657 1107 4708 a
1499 4650 1598 4713 mur,
