4742 5814
500 606 514 631 ι
651 573 1002 703 224vron11
1029 602 1098 672 ss
1127 497 1386 673 nstra
1421 566 1797 675 zurcnnrur

651 778 781 879 sponlis
802 779 839 856 δι
857 778 1011 854 oraculis
1028 775 1216 876 fimplicem
1230 775 1371 875 plebem
1393 773 1516 853 misere
1540 767 1764 858 ludificantes.
1790 771 1859 857 ln'-

652 877 726 954 bris
744 877 835 952 verd
856 879 893 952 δι
919 873 1080 949 omnibus
1097 873 1347 972 scriptoribus,
1372 892 1444 948 tam
1470 877 1649 951 veteribus
1665 879 1769 974 quam
1786 901 1852 954 no

654 972 731 1065 ¹vis,
755 975 884 1070 linguis
907 973 992 1048 item
1015 973 1121 1069 atqu'e'
1151 970 1278 1046 litteris
1303 993 1443 1044 omnem
1465 969 1575 1046 fidem·
1594 975 1853 1050 authoritatem·

657 1093 727 1168 que
750 1072 991 1166 abrogavere:
1015 1065 1054 1142 dr
1079 1091 1125 1143 ne
1150 1069 1266 1164 aliqua
1287 1067 1464 1143 vetustatis
1487 1069 1656 1144 memoria
1679 1073 1773 1168 apud
1790 1087 1859 1150 eos

657 1186 875 1257 remaneret,
895 1167 1013 1241 omnia
1035 1161 1139 1239 lemel
1158 1164 1351 1240 litterarum
1371 1185 1594 1240 monumenta
1610 1187 1857 1244 concremave-

657 1263 717 1340 re:
739 1266 856 1362 palam
876 1285 918 1338 ac
945 1257 1040 1336 clare
1062 1257 1222 1358 prol'elli,
1247 1257 1456 1336 Christiana
1479 1260 1562 1337 lidei
1585 1263 1703 1340 luceru
1726 1266 1857 1342 verita·

657 1381 801 1456 temque
824 1355 905 1456 post
924 1355 997 1453 ipsa
1014 1355 1128 1430 statim
1151 1351 1402 1454 Apostolonmr
1424 1373 1586 1456 tempora
1607 1383 1672 1457 per
1696 1362 1856 1438 homines
1970 1391 1979 1410 ·

660 1455 784 1532 dolius
798 1453 1015 1530 obscuratam
1028 1447 1126 1528 fuill'e
1135 1502 1148 1541 ,
1172 1456 1398 1552 eamdemque
1414 1478 1509 1531 nunc
1527 1454 1645 1530 Deum
1661 1479 1728 1554 per
1747 1459 1857 1556 impe·

661 1555 753 1628 ritoa
777 1549 1014 1647 limplicesque
1041 1546 1220 1624 restituere
1245 1552 1347 1625 velle.
1397 1549 1557 1626 Infinitos
1580 1553 1668 1628 verri
1693 1555 1783 1628 altos
1802 1577 1855 1628 er·

666 1668 764 1725 rores
788 1670 877 1743 quos
900 1647 1082 1744 principio·
1102 1642 1261 1742 proferre
1287 1665 1358 1722 non
1383 1644 1461 1722 sunt
1483 1647 1581 1735 aust,
1617 1673 1696 1724 cum
1721 1671 1860 1748 tempo·

665 1746 713 1820 ris
729 1739 908 1842 progrellu
924 1745 1144 1817 invexerunt.
1176 1741 1286 1819 Initii
1305 1763 1443 1833 tamen,
1468 1741 1547 1818 culm
1572 1745 1649 1819 haec
1663 1743 1751 1819 serra
1772 1769 1861 1821 exo-

662 1844 811 1927 riretur,
834 1841 1035 1914 nonnullam
1060 1840 1269 1914 innocenriae
1293 1838 1441 1938 speciem
1465 1839 1765 1938 praeseferebat:
1788 1863 1862 1938 qua

599 2015 604 2025 ,
661 1937 810 2036 limplici
843 1937 939 2034 plebi
972 1932 1065 2010 vafri
1101 1933 1301 2033 scel'eliique
1326 1937 1492 2011 authores
1521 1935 1622 2014 facile
1647 1937 1859 2034 imposuere.

662 2031 808 2111 Etenim
826 2035 888 2128 qui
912 2055 1034 2106 eorum
1054 2033 1228 2129 dogmatis
1253 2055 1381 2107 nonen
1404 2033 1550 2118 dabam,
1575 2033 1650 2108 suas
1673 2031 1863 2111 facultates

664 2130 788 2230 sponte
811 2129 847 2202 in
866 2151 1089 2204 communem
1110 2125 1207 2202 usum
1230 2127 1416 2217 conferre,
1438 2130 1582 2204 vestitus
1599 2153 1738 2204 omncrn
1756 2155 1861 2205 orna·

664 2245 741 2303 rum
767 2229 960 2322 deponere,
984 2227 1094 2303 nullis
1114 2221 1182 2300 sese
1211 2225 1371 2298 humanis
1397 2226 1614 2302 commerciis
1634 2225 1795 2314 miscere,
1821 2225 1862 2302 dt

665 2321 859 2424 perfectam,
875 2323 1049 2420 quandam
1068 2323 1175 2396 vitam
1202 2321 1330 2396 ducere
1349 2321 1581 2417 iubebantur:
1609 2323 1728 2397 donec
1747 2325 1861 2398 statim

667 2419 839 2497 crescente
856 2419 1009 2516 ipsorum
1028 2441 1191 2506 numero,
1217 2415 1368 2493 fimulata
1384 2421 1584 2493 innocentia
1600 2421 1721 2516 detegi
1729 2423 1861 2516 toepit:

666 2515 872 2611 taurusque
894 2513 1209 2611 conspirationibus
1238 2515 1275 2589 &
1302 2513 1452 2589 consrliis
1474 2517 1518 2590 ed
1544 2539 1615 2590 rern
1638 2521 1860 2610 perduxere,

667 2616 708 2688 'ut
725 2613 830 2688 armis
847 2611 1044 2700 civitam,
1069 2609 1192 2686 frustra
1209 2633 1250 2684 ac
1266 2607 1346 2685 liud
1358 2611 1587 2686 renitentibus
1605 2613 1706 2685 bonis
1720 2613 1859 2706 quibui·

665 2733 736 2807 que
754 2707 908 2792 civibus,
934 2726 1159 2804 occuparent.
1209 2705 1293 2779 Nec
1312 2707 1349 2781 id
1363 2705 1429 2780 fuit
1446 2707 1542 2781 saris:
1568 2705 1676 2782 sacras
1695 2710 1777 2783 ilico
1787 2733 1867 2782 om-

666 2830 727 2881 nes
763 2805 856 2880 aedes
888 2805 1062 2879 violarunt
1084 2801 1412 2901 spoliaveruntque:
1433 2803 1670 2878 suburbanum
1690 2807 1865 2902 templum

668 2902 924 2979 vetustillrmum
947 2900 1201 2976 incenderunt:
1221 2919 1400 2998 quotquot
1422 2899 1558 2975 nullent
1579 2903 1615 2973 in
1633 2923 1753 2974 toturn
1778 2925 1860 2976 com

667 3003 792 3076 tedere
815 2996 959 3085 sestam,
983 2999 1069 3071 urbe
1092 3013 1291 3093 exegerunt
1341 2995 1429 3086 Quo
1456 2997 1590 3070 nullum
1614 2994 1777 3092 profesti
1795 3021 1860 3095 po·

668 3099 738 3173 tuit
767 3093 832 3172 elle
860 3092 988 3170 tristius
1016 3092 1280 3190 spectaculum:
1312 3115 1428 3192 neque
1461 3093 1554 3166 enirn
1593 3097 1657 3168 vei·
1683 3096 1778 3168 aetati
1803 3097 1866 3169 vel

668 3195 765 3269 l'exui
782 3193 843 3267 vei
859 3191 973 3266 ordini
995 3184 1062 3264 ulli
1083 3208 1335 3302 pepercerunt,
1361 3187 1553 3286 misereque
1569 3189 1614 3262 ab
1630 3189 1720 3266 focis
1743 3192 1780 3266 δι
1794 3189 1860 3265 La·

670 3291 767 3364 ribus
797 3307 975 3382 quotquot
1001 3285 1211 3381 rebaptrzari
1238 3287 1375 3362 nollent
1399 3289 1618 3382 expulerunt.
1669 3286 1751 3376 Qua
1785 3291 1866 3382 qui·

672 3391 752 3459 dens
773 3383 978 3478 indignitate
998 3384 1049 3454 rei
1060 3432 1073 3469 ,
1096 3379 1177 3459 Nos
1202 3380 1283 3479 (uti
1296 3405 1362 3478 par
1379 3380 1483 3478 erat)
1502 3384 1655 3478 graviter
1672 3385 1865 3468 commoti,

670 3478 752 3556 eum
775 3479 877 3554 certd
897 3477 1184 3574 provideremus,
1209 3483 1305 3552 hunc
1328 3500 1450 3554 eorum
1473 3475 1627 3553 furorem
1651 3501 1723 3551 nun
1738 3480 1864 3553 consti-

669 3595 786 3651 turum
810 3576 900 3650 iutra
926 3576 1029 3649 nnius
1057 3575 1149 3648 illius
1167 3575 1321 3650 civitatis
1344 3577 1489 3664 moerria,
1514 3574 1664 3672 cumque
1685 3578 1721 3648 in
1738 3578 1869 3650 vicinis

671 3673 816 3770 oppidis
835 3671 871 3746 dr
890 3671 1000 3760 vicis,
1033 3691 1141 3768 atque
1166 3672 1273 3745 etiam
1296 3671 1524 3768 regionibus,
1549 3671 1707 3747 scintillae
1731 3695 1870 3772 magnas

671 3769 823 3868 ejusdem
839 3766 1073 3862 incendiijam
1094 3765 1301 3856 volitarent,
1325 3779 1394 3868 qua
1412 3770 1592 3864 potuimus
1613 3769 1787 3844 celeritate
1802 3773 1870 3844 rni-

631 3897 640 3914 ·
669 3867 770 3943 litem
792 3865 1048 3942 contraximus:
1075 3859 1212 3936 Urbem
1239 3865 1382 3940 circiter
1412 3865 1591 3940 Calendas.
1605 3865 1753 3941 Martias
1774 3890 1872 3944 anno

673 3983 777 4057 1534.
804 3958 964 4033 obsidere
988 3959 1189 4056 caepimus:
1220 3982 1262 4033 ac
1291 3963 1381 4034 nihil
1403 3960 1608 4050 omilimus,
1663 3984 1867 4048 ¹oratamm

669 4057 865 4158 periculum
899 4074 1099 4152 tantamque
1122 4055 1317 4129 vastitatem
1343 4059 1387 4130 ab
1409 4055 1566 4133 Ecclefia
1591 4083 1639 4132 no
1668 4081 1705 4131 ra
1734 4083 1868 4136 averte·

670 4175 797 4227 murus.
848 4149 936 4242 Quo
960 4153 1048 4224 illud
1071 4151 1210 4247 quidem
1237 4149 1437 4240 effecimus,
1461 4175 1503 4228 ιιι
1520 4153 1745 4252 impiillimam
1763 4155 1869 4234 lcele⁴

672 4248 933 4364 ratiffiurumqqe
948 4243 1075 4322 seuam
1089 4247 1229 4343 lougius
1243 4247 1412 4345 latiusque
1431 4247 1572 4372 graliari
1586 4253 1872 4368 probiberemus.

673 4341 810 4440 capere
832 4367 922 4419 vero
944 4346 1004 4419 vel
1027 4364 1229 4440 expugnare
1253 4343 1405 4434 urbem,
1421 4369 1501 4422 curn
1521 4347 1709 4443 aliquotres
1732 4372 1879 4446 magnis,

671 4439 807 4520 viribus
825 4439 989 4541 iustoque
1012 4441 1135 4540 praeiio
1160 4439 1411 4580 tentaffemus,
1438 4461 1588 4542 propter
1620 4443 1727 4542 ipli'us
1751 4459 1876 4618 taurentessrr‘

1868 4785 1891 4824 ο

2295 5031 2296 5042 l

2295 5059 2296 5076 l

2295 5081 2296 5100 l

1569 5732 1575 5745 ἱ
1939 5779 1944 5781 -
2056 5761 2155 5788 ...Ι-...ῆι
2161 5739 2239 5772 ⁴⁴⁴
2248 5725 2281 5745 ⁴
