4882 5804
661 753 667 764 ¹
750 571 1890 735 xantonumAuurnzutonnur

753 831 824 908 ,qoe
838 809 1004 886 authores
1018 807 1145 882 latinos
1162 821 1309 901 propter
1324 799 1358 876 se
1380 801 1475 878 emi?
1498 801 1616 881 Crede
1637 805 1746 894 mibi,
1768 832 1842 898 pon
1855 831 1956 910 φη.

753 924 881 982 tuntur
903 899 1064 980 anostris
1085 898 1361 997 jureconsultis,
1384 898 1609 974 iiBartholom
1632 922 1691 976 ant
1715 905 1849 982 holdam
1866 932 1957 984 erne·
2102 899 2115 924 ”

755 1023 796 1076 re
810 1003 934 1076 volunt
944 1052 956 1088 ,
979 1000 1147 1072 liminaria
1157 999 1218 1072 illa
1234 997 1431 1092 praeconia,
1452 999 1561 1072 modo
1581 995 1619 1070 δι
1632 1001 1806 1095 eleganter
1819 999 1960 1101 impres·

754 1095 801 1182 fi,
827 1097 865 1174 δι
882 1120 902 1169 a
919 1096 1051 1172 mendis
1074 1094 1324 1190 allegationum
1342 1096 1522 1189 repurgati
1539 1090 1614 1166 lint.
1663 1096 1797 1172 Gallici
1817 1098 1896 1177 sane
1917 1123 1960 1177 ac

755 1191 870 1268 Italici
881 1190 1098 1290 typographi
1109 1189 1316 1286 potiffimum
1334 1190 1503 1284 quaestum
1517 1213 1564 1264 ex
1581 1189 1680 1266 libris
1690 1192 1790 1286 Jurir
1805 1195 1960 1284 faciunt,

756 1310 862 1384 quem
886 1293 994 1364 miror
1007 1310 1072 1362 vos
1088 1287 1162 1363 illic
1183 1306 1257 1360 non
1275 1284 1426 1396 odorari.
1475 1279 1554 1396 Sed
1568 1283 1663 1364 forte
1689 1290 1865 1368 deterrent
1891 1315 1958 1370 voe

757 1382 923 1566 aaa?
933 1403 1107 1576 aaliz
1121 1381 1676 1590 lllalllllalll'al
1692 1385 1962 1593 cillialid

757 1597 834 1652 tera
857 1575 948 1670 Juris
971 1573 1096 1650 Civilis
1123 1576 1233 1649 libros
1257 1571 1515 1669 ampreilentre,
1539 1597 1626 1672 quun
1646 1599 1754 1680 magra
1776 1575 1843 1681 lint
1860 1603 1965 1657 vena·

758 1673 810 1747 leo
830 1668 958 1756 sutum,
983 1670 1087 1768 quam
1114 1668 1279 1756 Gallici,
1304 1671 1366 1766 qui
1389 1667 1470 1744 satie
1491 1695 1632 1769 qnoque
1651 1671 1734 1748 card
1757 1697 1963 1773 comparan-

757 1789 827 1844 tur.
877 1765 1074 1842 sedunum
1098 1787 1213 1842 tamen
1234 1767 1381 1840 maxime
1403 1765 1509 1842 libros
1528 1767 1624 1860 Juris
1638 1772 1874 1860 commendat,
1899 1773 1962 1848 sci·

756 1864 960 1959 licetquod
975 1865 1013 1936 in
1030 1864 1295 1960 allegationibus
1312 1864 1452 1958 legum,
1468 1865 1612 1960 nequid
1639 1885 1793 1956 erretur,
1813 1867 1874 1942 dili
1900 1891 1962 1946 ene

760 1959 969 2034 adhibeatur
993 1981 1088 2033 cura.
1138 1955 1378 2054 Quamobrem
1395 1979 1486 2052 pene
1503 1982 1592 2056 opus
1611 1956 1692 2034 eiset
1706 1964 1853 2058 proptio
1930 1989 1962 2040 r·

759 2054 921 2140 rediere,
959 2078 1030 2130 non
1054 2057 1195 2131 omnino
1218 2054 1298 2131 rudi
1323 2053 1421 2146 Juria
1446 2053 1583 2130 Civilia.
1641 2051 1753 2152 Quod
1779 2055 1803 2131 st
1829 2059 1895 2136 tibi
1915 2061 1964 2138 est

763 2155 896 2228 animus
920 2153 990 2226 hoc
1013 2149 1232 2248 propofitum
1251 2150 1431 2249 persequi,
1456 2149 1564 2226 habea
1580 2151 1633 2246 ad
1663 2176 1802 2229 manum
1818 2137 1965 2256 doetissi-

763 2270 858 2323 mom
875 2248 990 2322 virum
1014 2251 1060 2323 D.
1082 2245 1283 2354 Bonifatium
1306 2249 1569 2329 Amerbocbium.
1594 2248 1655 2344 qui
1671 2253 1794 2326 melina
1811 2251 1967 2329 consule·

761 2369 801 2419 re
822 2367 862 2421 ea
880 2346 917 2418 in
933 2368 994 2432 re,
1018 2366 1060 2418 ac
1075 2345 1169 2418 unde
1191 2345 1257 2419 tibi
1272 2343 1510 2440 incipiendum
1537 2341 1597 2426 lit,
1622 2344 1803 2420 ostendere
1819 2351 1967 2444 poterit.

761 2439 844 2536 Ego
867 2441 1047 2515 credidero
1071 2462 1142 2513 non
1166 2439 1367 2515 damnosum
1388 2439 1452 2512 tibi
1476 2438 1553 2512 fore
1573 2447 1747 2528 Aeonem,
1796 2465 1874 2517 uem
1898 2468 1963 2518 no-

761 2535 823 2610 stri
837 2538 1014 2610 lucernam
1031 2534 1123 2631 Juria
1144 2557 1293 2620 vocant,
1319 2533 1356 2607 δι
1380 2535 1442 2630 qui
1464 2555 1484 2605 a
1508 2536 1626 2629 pueris
1649 2465 1850 2646 senihudqne
1872 2541 1959 2636 legi·

762 2652 821 2706 tur
838 2653 881 2707 ac
902 2635 1079 2728 relegitur.
1130 2629 1180 2704 Et
1207 2631 1426 2704 emendatum
1451 2629 1629 2724 exemplar
1651 2625 1754 2705 farne
1774 2632 1840 2708 obi
1864 2656 1960 2710 oom-

761 2727 919 2802 modabit
942 2751 1001 2802 aut
1026 2725 1274 2801 demonstrabit
1296 2728 1388 2800 idem
1411 2726 1651 2800 Ameriocbt'us.
1700 2725 1806 2804 Vale.
1846 2729 1960 2831 Spirae

766 2845 822 2922 η.
848 2823 1064 2899 Novembria
1087 2844 1179 2896 anno
1206 2841 1309 2920 1535.

930 3047 1442 3144 npnsnonn
1521 3046 1767 3142 LX1n
1865 3019 1868 3026 ’

876 3284 1298 3382 aunuum
1367 3283 1836 3385 nn01nn0.

762 3529 969 3650 Deplorat
998 3527 1299 3618 Germanorum
1327 3533 1367 3614 in
1395 3555 1499 3614 noua
1529 3530 1712 3645 dogmata
1736 3557 1814 3650 pro
1844 3539 1959 3649 ensto-

707 3637 717 3657 .
818 3675 920 3736 nem.
950 3640 1223 3846 Αωρίἔβιηω
1238 3637 1399 3776 ᾼΙεὶαιο
1425 3641 1562 3776 lauder
1579 3641 1738 3780 scribit,
1798 3650 1801 3657 ’
1844 3657 1902 3740 ad

873 3757 1044 3846 edendos
1103 3752 1372 3842 ocubrattones
1390 3751 1580 3870 quosdam
1600 3757 1837 3868 exstimulat.

763 3977 913 4146 SAEpe
929 3973 973 4048 ad
990 3995 1026 4046 te
1040 3975 1138 4048 volui
1161 3970 1308 4046 scrihere
1320 4023 1332 4061 ‚
1357 3993 1556 4072 preceptor
1576 3979 1865 4070 excellentiffime,
1892 4009 1953 4060 ve·

843 4073 918 4148 riam
938 4092 1095 4144 nontam
1113 4069 1403 4165 occupationibus
1429 4095 1471 4146 ac
1497 4071 1678 4148 occnfione
1700 4077 1865 4153 hactenns
1886 4079 1950 4155 im·

760 4171 902 4269 peditur
921 4165 992 4250 fui,
1018 4165 1123 4261 qudrn
1148 4163 1245 4260 quod
1274 4165 1311 4238 &
1338 4165 1492 4260 publirae
1519 4192 1574 4242 rer
1600 4167 1801 4246 Germaniae
1823 4171 1950 4254 n'ostrae

759 4270 846 4342 tales
865 4263 988 4345 client,
1012 4283 1052 4334 ut
1070 4263 1157 4336 citra
1171 4283 1329 4356 magnam
1349 4262 1607 4356 (prohdolor)
1631 4267 1780 4340 nationis
1800 4267 1947 4364 nostrae»

760 4359 891 4436 furiosa
914 4359 950 4430 in
966 4379 1060 4431 nova
1071 4357 1234 4452 dogmata
1252 4351 1467 4444 insanientis,
1491 4357 1664 4433 infamiam
1678 4359 1781 4436 scribi
1794 4362 1952 4460 pollent,

760 4459 799 4537 dt
815 4459 964 4556 privatae
980 4476 1065 4530 meae
1079 4451 1249 4539 fortunae,
1273 4452 1311 4525 in
1325 4453 1391 4528 bac
1409 4455 1583 4530 communi
1599 4456 1720 4555 patrio
1734 4461 1949 4556 calamitate,

1850 4555 1946 4639 haud
