4882 5804
564 617 756 720 rmsr.
797 569 1549 727 suuucrmnno1vunsos2
1601 651 1690 754 ῳ

470 809 529 888 sed
544 827 735 905 numquam·
762 825 1009 904 opportunum¹
1023 805 1107 880 mihi
1130 805 1279 881 nancisci
1301 808 1458 883 nuntium
1471 807 1593 896 licuit,
1617 809 1688 884 cui.

474 911 512 986 δι
529 907 657 982 librum
673 901 912 1000 Institutionum
935 903 1099 978 lubenter
1118 903 1354 980 commisissem
1377 909 1414 982 in
1443 925 1604 1002 tempore
1628 909 1674 982 ad

472 1027 538 1079 vos
553 998 757 1091 serendum,
780 1001 1136 1099 imprimendumque.⁴
1179 999 1340 1076 'ii‘andem
1369 1006 1536 1100 quonium
1559 1003 1672 1076 nullussr

471 1099 542 1175 fuit
567 1100 725 1184 oblatus,
756 1097 815 1194 egi
850 1117 931 1172 eum
967 1103 1129 1195 Aguiris,
1155 1117 1194 1172 ut
1220 1095 1284 1194 ipsi
1318 1101 1380 1196 qui
1402 1121 1501 1174 antea
1526 1095 1670 1194 operam

470 1197 566 1274 suam
583 1199 622 1270 in
637 1191 925 1270 eodescrrbendo
943 1195 1030 1270 mibi
1055 1193 1308 1292 praestiterant,
1333 1217 1428 1270 uunc
1449 1195 1553 1270 etiam
1576 1196 1674 1291 adju·

472 1311 597 1372 vatent
611 1315 690 1388 quo·
714 1292 749 1365 in
765 1293 879 1364 lucem
912 1291 1030 1366 emitti·
1052 1288 1175 1386 posset
1224 1291 1351 1390 Iraque
1369 1293 1438 1368 iliis
1457 1293 1496 1367 in
1522 1293 1679 1390 patriam

473 1391 705 1468 redeuntibus
719 1387 850 1462 librum·
860 1385 987 1462 tradidi
1001 1390 1045 1463 ad
1065 1411 1100 1461 te
1128 1390 1355 1477 mittendum,
1380 1389 1476 1486 quod
1501 1411 1562 1464 eor
1578 1389 1670 1463 bona

469 1488 540 1564 fide
556 1484 709 1561 sasiuror
720 1485 813 1557 nihil·
823 1485 1003 1558 addubito.
1054 1483 1315 1580 Quamobrem,
1331 1484 1533 1568 dotiiffime,
1550 1483 1668 1560 huma·

473 1583 673 1679 niffimeque
701 1581 908 1667 Amerbutbr',
932 1603 1022 1679 rogo
1045 1601 1085 1654 ut
1103 1605 1142 1656 tu
1160 1583 1390 1680 reliquacum
1407 1575 1679 1678 impressoribus*

473 1701 622 1850 ρειιῖιε
633 1731 646 1768 ,
670 1677 798 1776 desque
816 1699 979 1773 operam,
1005 1697 1043 1750 ut
1056 1678 1161 1774 quim
1185 1677 1430 1775 elegantiffine
1448 1679 1491 1754 δι
1504 1680 1667 1754 emenda·

468 1777 566 1853 tisi'rm
609 1797 721 1851 exeat.
770 1771 830 1849 De
846 1770 958 1849 forma
974 1772 1012 1846 δι
1028 1773 1282 1850 characteribus
1306 1777 1538 1851 rumesiae-ex
1552 1776 1667 1871 digni·

468 1893 538 1950 tate
557 1875 639 1949 libri
663 1874 703 1950 δι
716 1872 865 1946 utilitate
882 1873 1187 1968 typographorum
1201 1871 1350 1958 statues,
1374 1894 1441 1947 nec
1460 1895 1528 1969 ego
1554 1875 1678 1948 deeo-

467 1972 657 2071 quicquam
680 1965 816 2066 possum
830 1966 1066 2062 praescribere.
1117 1967 1199 2062 Ego
1215 1969 1285 2073 hpc
1300 1993 1411 2058 anno,
1436 1971 1483 2042 mi
1496 1967 1671 2062 Boru'fatt'·r

469 2069 589 2142 multis
599 2068 659 2142 hic
674 2067 825 2161 negotiis
835 2061 886 2136 fui
897 2065 1107 2158 implicitus,
1132 2086 1210 2137 nam
1226 2089 1356 2160 praeter
1373 2065 1527 2160 publicae
1543 2063 1665 2140 lectio·-

468 2168 522 2239 nit
538 2185 682 2249 munus,
706 2185 747 2236 ea
764 2181 842 2257 quae
865 2161 972 2234 docui
1000 2156 1134 2254 semper
1148 2165 1330 2248 annotavi,
1355 2161 1542 2260 scripsrque
1571 2159 1667 2240 com·

469 2259 638 2336 mentatia
654 2261 691 2333 in
721 2256 765 2331 X.
790 2256 826 2332 T
828 2259 881 2331 itt.
906 2255 1161 2330 institutionum
1184 2280 1272 2353 quos
1306 2261 1367 2334 hic
1389 2258 1546 2355 praelegi.
1596 2261 1668 2334 Ac·

461 2356 639 2434 cesserunt
662 2355 790 2432 deinde
814 2353 852 2429 δι
880 2355 965 2426 alito·
978 2355 1097 2428 muitae
1121 2357 1389 2450 occupationes,
1415 2378 1455 2430 ut
1484 2359 1523 2429 in
1547 2377 1670 2451 graeco

465 2458 539 2531 boc
555 2453 811 2527 Institutionum
829 2450 1006 2524 volumine
1025 2451 1212 2544 relegendo
1226 2454 1485 2551 indiligentior‚
1510 2451 1664 2528 ursaciie

468 2553 742 2634 animadvertes,
766 2543 901 2621 fuerim.
927 2543 977 2619 Et
993 2543 1130 2642 semper
1146 2543 1284 2642 speravi
1295 2551 1632 2646 impetraturum-me
1644 2573 1682 2626 ιι.

464 2670 519 2740 re,
544 2670 584 2723 ut
601 2671 660 2732 tu,
685 2667 870 2740 antequam
901 2643 1126 2718 excudendus
1159 2647 1316 2734 daretur,
1344 2647 1518 2722 veltinter
1557 2669 1662 2722 excu·

464 2745 638 2829 dendum,
662 2741 891 2837 relegendum
911 2743 1099 2838 acciperes.
1149 2741 1242 2817 Cum
1261 2741 1308 2816 &5
1320 2767 1436 2840 graeca
1465 2742 1587 2818 melior
1610 2746 1664 2818 in·

464 2845 622 2940 religas,
646 2839 750 2936 quim
776 2861 864 2930 ero,
889 2839 951 2934 qui
981 2836 1077 2934 quast
1099 2835 1386 2933 postiiminioad
1412 2863 1487 2916 eam
1508 2841 1676 2935 linguam

464 2937 621 3015 reversus
637 2935 720 3012 sum.
770 2933 901 3029 Neque
918 2937 983 3008 etit
1002 2933 1067 3008 tibi
1079 2933 1237 3022 difficile,
1264 2938 1302 3011 &
1320 2939 1541 3033 voluptatem
1558 2937 1675 3013 habe·-

461 3037 560 3111 bitis
581 3035 700 3118 labor,
726 3031 823 3128 quod
849 3032 959 3106 multa
984 3054 1235 3128 compertutus·
1248 3029 1289 3106 fis
1306 3055 1379 3107 non
1394 3033 1538 3130 indigna
1559 3033 1662 3112 scitur

463 3132 546 3229 Ego
561 3155 677 3208 autem
699 3133 865 3298 pleraque
882 3128 990 3202 latina
1007 3131 1131 3222 graecis
1147 3126 1400 3204 cimrniieribus
1415 3129 1544 3225 scripta
1564 3131 1671 3205 resti*-

462 3251 559 3305 tuere
582 3251 777 3324 creperum,
818 3227 861 3298 ed
885 3223 976 3298 sorte
993 3224 1170 3300 videbitur
1194 3226 1262 3299 tibi
1289 3224 1367 3304 fore
1390 3230 1514 3302 melior
1540 3249 1581 3302 ut
1610 3229 1670 3304 ita·

461 3327 717 3418 relinquantur,
741 3319 1045 3419 quemadmodum·
1075 3319 1289 3418 riuescripta
1305 3321 1412 3399 suere.
1464 3323 1525 3400 Tu
1545 3343 1608 3400 tuo
1623 3326 1664 3400 in

459 3425 503 3498 iis
519 3422 704 3519 judicio&
721 3419 867 3493 arbitrio
890 3439 1000 3494 utere.
1048 3345 1200 3507 Rerum,
1223 3421 1271 3493 mi
1292 3418 1461 3515 Bonifari,
1484 3443 1595 3519 rogo,
1620 3445 1662 3498 ut

461 3522 499 3593 in
520 3543 563 3594 eo
580 3519 739 3590 lubenter
767 3537 874 3590 tuaru-
894 3515 1149 3612 operammihi
1169 3518 1384 3591 commodes.
1433 3515 1543 3592 Vides
1569 3521 1663 3594 enim
1695 3515 1697 3522 ⁴

461 3638 539 3690 mea
570 3615 717 3686 multum
744 3608 920 3694 interesse,
945 3635 985 3686 ut
1013 3612 1120 3686 bonis
1149 3609 1312 3706 auspiciis
1340 3615 1396 3686 hae
1423 3611 1675 3690 institutiones-

458 3713 642 3809 prodeant.
692 3705 773 3802 Ego
799 3707 877 3778 tibi·
893 3707 1039 3782 viciffim
1061 3731 1116 3781 me
1142 3710 1216 3783 obli
1241 3732 1288 3795 0,
1314 3731 1525 3807 quacunque
1553 3711 1591 3784 in
1619 3735 1677 3788 re·

454 3812 571 3892 uelis,
598 3804 674 3880 sore
691 3827 746 3876 me
769 3801 902 3898 semper
928 3805 1179 3896 paratissrmum.
1270 3806 1380 3891 eseio,
1413 3829 1458 3879 an
1488 3806 1659 3883 Frobrniur

459 3908 610 4002 eiiqu'em
655 3901 781 3976 habeat
817 3897 1058 3976 comestorem.
1108 3898 1381 3997 ssSigismundur
1419 3905 1561 3979 Gelenius
1584 3905 1674 3981 hoc·-

459 4005 577 4076 oneris
600 3995 816 4094 susciperet,
851 4016 911 4069 aut
942 4017 983 4072 ut
1011 4020 1048 4071 te
1080 4021 1153 4071 non
1184 4001 1365 4097 indignum
1384 4020 1544 4095 putarer,
1569 4002 1673 4078 nihii:

462 4097 564 4173 essem
584 4096 673 4168 ultra
690 4092 859 4170 solicitus.
909 4092 1049 4188 Siquid
1074 4096 1178 4169 etiam
1193 4097 1228 4168 in
1257 4096 1462 4194 prefatione
1490 4119 1567 4173 mea
1590 4100 1670 4176 tibi

357 4259 359 4264 .
461 4191 678 4290 displicebit,
702 4215 790 4287 rogo
817 4213 862 4264 ne
878 4210 1024 4267 vereare
1046 4213 1202 4274 vertere,
1228 4215 1452 4290 expungere,
1478 4194 1655 4290 castigare.

460 4291 567 4366 Varia
577 4289 658 4368 ¹sunt
673 4291 854 4365 bominum
869 4287 1001 4384 judicia
1019 4310 1084 4362 nec
1103 4287 1246 4387 nosipsi
1256 4309 1408 4464 Fercem
1424 4289 1539 4364 nostra
1554 4313 1673 4386 aeque-

461 4389 619 4472 uidemus
642 4407 684 4464 ae
707 4387 779 4488 alii
828 4381 914 4465 Hoc
930 4385 1121 4558 “mimffim
1142 4387 1233 4466 iuter
1272 4411 1292 4465 e
1316 4409 1452 4468 muuun
1467 4387 1536 4483 est,
1553 4384 1675 4562 suffiae-

640 4509 655 4518 ..
757 4505 760 4515 .
1067 4502 1133 4578 ,3¹
1623 4505 1677 4563 a„
