4742 5814
691 653 774 744 ²32
812 623 1047 730 VIGLII
1072 647 1140 722 tn
1167 623 1426 722 AYTTA
1455 542 1837 724 ZUICHEMI

689 814 785 892 hand
803 813 947 912 indigne
962 808 1051 889 feret
1072 831 1149 887 eam
1163 813 1345 910 gloriama
1365 808 1471 885 Curtio
1486 807 1783 982 iibidnnreptam
1806 813 1912 907 eise,.·

691 913 730 988 bt
743 910 779 988 se
796 909 970 1010 impedito
987 910 1153 986 maturina
1170 911 1267 985 illum
1282 910 1318 982 id
1331 929 1423 1005 opur
1439 905 1554 983 studio
1581 933 1598 983 o
1617 911 1892 992 communicabo.

589 1045 596 1052 ,
694 1007 853 1104 Quidam
869 1029 966 1081 meus
989 1008 1141 1097 uncus,
1166 1030 1239 1084 non
1271 1002 1322 1078 sat
1339 1005 1489 1080 candide
1512 1006 1556 1080 ab
1583 1005 1646 1081 iilo
1670 1003 1800 1080 fastum
1826 1032 1893 1105 po·

694 1125 768 1196 tat,
792 1101 888 1203 quod
908 1104 975 1178 mei
997 1099 1064 1176 nus
1084 1127 1165 1181 uam
1183 1103 1388 1178 meminerit.
1436 1103 1506 1176 Sed
1537 1124 1604 1197 ego
1623 1103 1834 1198 interpretor
1853 1106 1894 1178 il·

695 1203 771 1277 lum
795 1199 930 1274 meniis
954 1129 1099 1274 fortaiiis
1117 1202 1241 1298 primae
1255 1198 1419 1308 eciitionia
1437 1196 1628 1307 offensuri,
1654 1197 1698 1280 de
1718 1221 1793 1274 mea
1810 1221 1909 1297 ope-2

697 1320 759 1383 ra,
817 1319 897 1372 uam
923 1294 1065 1369 laudare
1097 1319 1169 1370 non
1246 1313 1330 1382 tuit,
1368 1314 1485 1369 tacere
1509 1291 1669 1368 manure.
1719 1294 1785 1370 Me
1813 1296 1894 1371 sane

698 1393 774 1490 ejus
791 1320 967 1504 irientiurn
986 1391 1073 1464 nihil
1088 1389 1186 1503 offen
1211 1393 1261 1478 it,
1285 1388 1345 1502 sed
1364 1390 1509 1503 pubiioo
1523 1391 1643 1486 potius
1658 1391 1798 1490 nomine
1818 1415 1894 1489 gra·

699 1484 1126 1672 irroratur.
1142 1486 1701 1694 {nutriuntur
1717 1509 1898 1662 oron

700 1683 803 1756 verit.
852 1677 947 1754 Bene
971 1681 1061 1755 vale.
1085 1677 1143 1752 Ex
1161 1677 1266 1776 Spita
1292 1702 1348 1754 10.
1373 1677 1527 1774 Januaru
1547 1701 1640 1754 anno
1664 1699 1768 1776 1537.

524 1931 647 1998 asro·
925 1893 1434 1989 EPISTOLA
1491 1895 1686 1992 xcii

526 2033 573 2076 mo
585 2007 646 2071 ΙΙΙ.

524 2090 634 2163 n..
797 2071 1225 2201 'onoanlo
1281 2103 1785 2202 annuntiato.
1853 2037 1856 2046 Α

554 2345 658 2424 1537·
685 2314 781 2408 ⁴De
810 2314 1126 2430 Protesiontium
1153 2317 1322 2406 decretis
1348 2315 1541 2434 aduersus
1572 2317 1739 2412 Cleo-uon
1760 2319 1900 2438 Augu·

751 2430 944 2542 stonum,
975 2433 1105 2547 deque
1132 2430 1297 2538 diuersts
1321 2429 1562 2546 opinionibus
1585 2460 1632 2522 ot
1656 2431 1842 2551 censuris.

796 2635 867 2714 Uae
890 2637 1057 2737 Augustae
1083 2638 1251 2738 proximis
1273 2635 1396 2714 diebus
1423 2637 1586 2714 advertis
1614 2641 1757 2717 Cierum
1782 2641 1902 2719 decre·

819 2755 855 2848 ta
880 2734 955 2832 (1)
981 2756 1085 2832 atque
1108 2731 1314 2846 aiiasunt.
1339 2757 1384 2808 ex
1404 2735 1551 2848 alioruin
1582 2738 1705 2812 litteris
1737 2762 1778 2815 ac
1802 2739 1903 2814 libel·

705 2834 749 2910 lis
776 2829 857 2908 satta
885 2853 1065 2930 comperta
1091 2831 1210 2907 habut.
1258 2830 1394 2906 Mirum
1413 2833 1499 2910 vero
1524 2829 1608 2908 istos
1632 2835 1789 2910 homines
1803 2838 1901 2934 adeo

1839 2933 1903 3006 inno

753 3108 818 3195 (1)
842 3106 1003 3192 Aduerfiis
1026 3107 1149 3175 cleron
1170 3103 1308 3193 umor]
1331 3105 1543 3194 Explicatius
1563 3111 1640 3177 haec
1663 3107 1791 3196 scripsit
1806 3109 1848 3177 ad
1864 3109 1902 3177 fl-

708 3194 795 3262 lium
820 3191 972 3278 Joonnem
994 3191 1174 3275 Georgium:
1196 3239 1219 3271 „
1234 3192 1463 3288 Augustenses
1483 3193 1605 3273 vestri,
1627 3208 1791 3276 quantum
1813 3193 1904 3262 fama

715 3317 742 3354 „
758 3275 828 3354 est,
849 3275 908 3342 sub
954 3275 1067 3344 ieratis
1088 3273 1125 3342 δι
1145 3275 1317 3362 religionis
1338 3290 1529 3361 praetextu,
1549 3279 1587 3344 in
1606 3277 1739 3343 clerum
1760 3277 1797 3346 δι
1821 3279 1906 3345 ima·

715 3401 742 3438 „
758 3358 853 3444 gines
879 3293 982 3430 vaiie
1012 3357 1199 3429 ferociunt.
1246 3359 1329 3426 Non
1356 3357 1501 3428 difficilis
1528 3359 1615 3429 verb
1643 3359 1710 3428 illis
1730 3359 1904 3440 defensio,

714 3481 742 3523 „
757 3441 895 3526 quando
917 3459 1137 3508 communem
1156 3459 1236 3509 cum
1256 3457 1325 3508 tam
1346 3443 1463 3509 multis
1482 3444 1696 3529 Principibus
1722 3442 1759 3514 oz
1779 3446 1914 3514 civita·.

716 3563 744 3602 „
760 3526 851 3594 tibus
871 3525 1005 3592 cansam
1027 3523 1198 3593 sustinent.
1225 3525 1345 3591 Multis
1366 3539 1481 3594 tamen
1499 3527 1598 3594 bonis
1619 3529 1703 3594 viris
1723 3528 1759 3596 id
1778 3527 1905 3596 fastum

717 3647 744 3687 „
760 3609 938 3706 displicet,
966 3609 1025 3692 qui
1048 3609 1212 3675 Senatum
1242 3608 1336 3675 illum
1357 3610 1562 3759 Rmdentius
1586 3610 1835 3702 modestiorque
1856 3613 1908 3680 fa·

718 3731 745 3770 η
761 3694 822 3760 talt
841 3691 894 3759 isti
911 3693 1106 3759 Germania
1119 3692 1208 3758 malo
1228 3692 1262 3756 in
1284 3691 1343 3758 sua
1388 3693 1548 3778 epublicn
1557 3695 1794 3762 consulturum
1811 3695 1907 3764 fuiiie

720 3815 746 3855 2,
763 3775 1028 3846 arbitrabantur.
1058 3775 1104 3841 Et
1123 3773 1171 3843 est
1192 3774 1270 3843 sane
1289 3777 1346 3842 illa
1367 3794 1436 3842 non
1454 3780 1614 3858 minima,
1637 3780 1815 3864 multoque
1833 3778 1915 3865 pes-¹

721 3903 746 3940 „
762 3862 843 3930 sima
862 3861 961 3945 hujus
990 3859 1070 3924 mali
1091 3877 1193 3944 pars,
1221 3860 1314 3944 quod
1340 3861 1399 3942 qui
1422 3860 1457 3928 id
1477 3865 1654 3946 negotium
1680 3879 1909 3949 promovent,

720 3986 747 4026 ,‚
763 3943 941 4015 confilium
959 3959 1027 4006 non
1041 3943 1245 4017 admittunt,
1267 3961 1308 4008 ac
1327 3946 1526 4029 praecipites
1537 3947 1582 4014 eo
1595 3961 1728 4014 tantuna
1744 3947 1911 4022 tendunt,

722 4069 748 4104 „
764 4042 805 4094 ut
827 4026 919 4110 quod
942 4024 1045 4092 semel
1070 4041 1329 4109 conceperunt,
1358 4025 1432 4096 sive.
1447 4031 1543 4113 jure,
1573 4030 1641 4098 ssve
1664 4032 1804 4116 injuria,
1827 4049 1910 4098 ext-

720 4149 748 4186 „
764 4111 822 4193 qui
843 4107 1009 4175 studeant.
1049 4108 1095 4174 D.
1116 4109 1284 4174 Matinium
1315 4109 1464 4177 arbitror
1493 4114 1537 4181 ad
1565 4129 1778 4182 conventum
1801 4114 1911 4180 Smal-

723 4231 749 4268 ,‚
765 4191 960 4259 kaldensern
974 4191 1166 4276 profestum
1181 4193 1256 4260 effe.
1298 4193 1382 4260 Inde
1404 4193 1496 4263 forte
1517 4196 1560 4264 ad
1580 4215 1642 4264 nos
1654 4210 1822 4262 venturus
1842 4195 1913 4270 est,

721 4277 896 4352 „utinam
918 4290 988 4342 tarn
1008 4275 1107 4341 nobis
1126 4293 1242 4360 gratus
1269 4277 1342 4360 ejus
1362 4277 1531 4348 adventus
1552 4279 1631 4356 fiat,
1660 4277 1761 4361 quim
1781 4277 1829 4344 est
1849 4297 1911 4344 ex·

723 4397 749 4433 ‚‚
766 4358 933 4444 petranus.
977 4359 1082 4444 Quod
1103 4357 1125 4424 su
1145 4359 1204 4426 ilie
1226 4359 1492 4429 Protestantibus
1520 4360 1689 4428 sufflamen
1711 4375 1814 4444 queat
1834 4362 1912 4447 inji-

720 4476 744 4511 ι,
760 4460 865 4522 cere,
886 4459 931 4510 ne
954 4456 1050 4510 tanto
1069 4443 1117 4508 im
1144 4458 1203 4510 eto
1223 4444 1259 4507 in
1281 4445 1409 4511 veteris
1430 4445 1598 4530 religionis
1620 4444 1765 4512 exitium
1787 4461 1914 4524 ruant,¹

719 4522 838 4604 „iem
858 4545 929 4596 non
949 4545 1092 4614 parvam
1113 4461 1257 4605 iicerit,
1286 4524 1343 4596 sed
1363 4547 1428 4616 ego
1450 4529 1551 4600 valde
1570 4547 1712 4609 vereor,
1735 4547 1779 4599 ne
1799 4527 1911 4596 astum

1750 4657 1776 4696 υ
1793 4630 1882 4702 ³8²1·
1892 4613 1913 4648 η
