4882 5804
705 628 1052 756 ¹74V1GL11
1088 655 1154 728 aa
1182 627 1444 728 AYTTA
1479 623 1844 728 ZUICHEMI

707 831 756 908 do
780 828 848 906 ribi
870 849 942 904 rrorr
959 822 1167 924 displicebit.
1215 823 1256 902 Si
1279 849 1322 902 eo
1340 823 1448 898 uteris
1469 819 1692 909 familiarius,
1715 818 1906 922 cognosce·

708 949 788 1004 curn
812 925 850 1002 δι
875 925 1101 1010 eruditione,
1135 923 1172 998 δι
1195 922 1426 1020 integritate,
1464 917 1503 998 dr
1527 917 1687 996 omuibus
1713 915 1904 1018 virtutihus

709 1019 953 1100 ornatissimum
983 1016 1060 1098 effe.
1109 1018 1327 1113 Rechlirrgrror
1351 1038 1461 1112 rogo,
1494 1038 1535 1094 ut
1564 1016 1600 1092 in
1630 1017 1755 1092 eodem
1789 1037 1905 1092 tecum

708 1117 899 1192 studiorum
921 1113 1022 1192 cursu
1045 1117 1203 1194 retineas.
1253 1113 1377 1209 Magni
1395 1135 1471 1188 mea
1485 1107 1641 1187 intercise
1658 1134 1766 1210 puto,
1791 1131 1831 1188 ut
1855 1112 1906 1186 illi

711 1216 755 1288 ad
778 1211 917 1310 frugem
944 1212 1115 1300 evadant,
1139 1233 1220 1306 quae
1240 1210 1326 1282 mihi
1346 1207 1425 1282 sane
1448 1206 1580 1306 semper
1595 1210 1639 1284 de
1667 1211 1714 1284 eir
1731 1207 1807 1304 spes
1827 1205 1906 1280 suit.

711 1308 771 1385 De
799 1309 883 1382 meis
905 1305 1071 1384 rebusad
1098 1307 1270 1384 Henricum
1295 1304 1441 1380 scribere
1465 1303 1569 1380 soleo.
1619 1299 1907 1400 Quamobremfi
2039 1369 2047 1380 .

711 1404 798 1576 §uid
817 1403 977 1514 astuquod
996 1426 1114 1482 earum
1134 1401 1220 1482 scire
1248 1402 1421 1498 requiras,
1447 1402 1496 1478 est
1519 1425 1539 1476 a
1561 1423 1632 1500 quo
1658 1423 1768 1499 petar.
1804 1399 1907 1480 Vale.

752 1501 911 1576 ulmamae
932 1521 1036 1593 1534.

538 1717 664 1794 aa..
940 1619 1446 1790 Errsrora
1518 1695 1691 1788 [ιιι.

538 1829 586 1872 roo
601 1809 643 1872 11.

537 1885 593 1952 fol·
612 1903 680 1968 271·
771 1891 1123 1988 HENRICO
1161 1887 1722 1986 RECHLINGERO
1752 1895 1849 2006 (1).

558 2151 662 2230 1535·
716 2113 945 2208 Henricum
970 2109 1203 2227 discipulum
1232 2109 1326 2200 olim
1339 2108 1465 2226 suum
1503 2107 1663 2222 irfiruit
1690 2137 1768 2230 quo
1796 2113 1911 2201 modu

761 2227 968 2342 sorensem
982 2222 1064 2336 fibi
1081 2231 1249 2340 proxim
1281 2251 1327 2310 ac
1356 2229 1476 2312 αἰναί.
1509 2221 1643 2340 Stylus
1659 2227 1909 2316 exercendus.

774 2341 850 2434 De
861 2336 1090 2430 bibliotheca
1095 2335 1178 2454 sua
1184 2399 1200 2446 ,
1214 2365 1304 2454 qua
1364 2341 1513 2445 atavis,
1531 2340 1719 2428 curanda.
1783 2337 1910 2453 cusos

770 2460 903 2572 gentis
929 2447 1140 2560 vitimnfit
1153 2451 1363 2568 zelotypia.

720 2671 945 2840 GEorgius
976 2669 1179 2743 Hermannur
1204 2667 1267 2764 qui
1290 2665 1376 2739 mihi
1399 2663 1606 2761 fignificarat
1624 2687 1660 2743 te
1682 2666 1794 2743 mense
1815 2667 1908 2763 julio

831 2789 875 2842 ex
886 2766 987 2840 Italia
1001 2785 1202 2839 revocatum
1214 2765 1251 2836 in
1267 2759 1510 2850 Germaniam,
1522 2765 1617 2840 idem
1632 2787 1676 2839 nu
1705 2789 1743 2838 er
1756 2763 1909 2864 scripsit,

719 2861 857 2960 Spirarn
878 2881 914 2936 re
939 2861 1155 2958 ablegatum,
1179 2857 1276 2957 quod
1300 2879 1341 2932 ut
1371 2859 1436 2932 tibi
1464 2857 1561 2934 faelix
1585 2879 1646 2934 aut
1671 2786 1821 2936 rpaustum
1846 2860 1909 2951 fit,

748 2985 788 3034 ro
806 2983 883 3034 mea
898 2980 982 3054 erga
999 2980 1034 3032 te
1058 2959 1190 3053 pietate
1205 2976 1309 3054 atque
1331 2977 1466 3041 amore,
1493 2959 1668 3031 exanimo
1689 2978 1768 3031 com
1796 2981 1908 3034 recor.

719 2981 864 3132 &renim
880 3072 984 3138 voto,
1005 3057 1053 3127 mi
1076 3053 1231 3138 isenrico,
1257 3071 1350 3146 opus
1368 3049 1440 3142 est,
1462 3075 1533 3125 non
1557 3055 1669 3127 minua
1692 3073 1732 3130 ur
1766 3051 1911 3130 aeliciter

720 3154 839 3319 praxis
867 3148 1090 3224 fundamenta
1105 3149 1232 3245 Jacias,
1256 3148 1360 3244 quim
1374 3149 1459 3222 olim
1475 3167 1516 3222 ut
1534 3147 1814 3245 Jurisprodentiae
1831 3174 1909 3250 my·

753 3249 832 3322 eriis
853 3247 945 3320 reue
961 3245 1159 3319 erudireris.
1207 3243 1318 3317 Nunc
1338 3245 1426 3320 verri
1447 3267 1490 3318 eo
1515 3248 1621 3320 etiam
1639 3268 1675 3321 te
1695 3248 1803 3341 magia
1819 3244 1910 3322 soili-

719 3344 830 3418 citum
857 3337 923 3415 ess'e
953 3340 1076 3426 decet,
1103 3341 1201 3436 quod
1219 3342 1256 3412 in
1288 3364 1332 3416 eo
1383 3342 1615 3416 raeterirorum
1642 3363 1830 3432 annorum,
1855 3367 1910 3420 to·

720 3436 858 3536 tiusque
875 3437 1062 3533 superioris
1088 3439 1199 3510 aetatis
1220 3434 1324 3510 studii
1406 3437 1480 3510 sius
1499 3439 1563 3511 tibi
1582 3435 1787 3514 existimatio
1804 3443 1911 3515 verti·

719 3555 789 3608 tur.
840 3533 959 3628 Qudm
980 3535 1106 3606 vellem
1125 3551 1241 3605 autem
1266 3555 1307 3606 ut
1330 3549 1496 3626 quantum
1523 3535 1644 3629 cupivi
1661 3531 1849 3632 studuique
1870 3539 1926 3614 in.

718 3629 811 3726 Juris
834 3629 1013 3726 disciplina
1028 3629 1111 3700 olim
1125 3646 1161 3701 te
1178 3625 1370 3726 proficere,
1396 3647 1638 3703 tantumnunc
1659 3631 1762 3706 etiam
1776 3631 1909 3730 possem

718 3728 757 3800 in
777 3748 841 3814 ea,
865 3748 970 3821 quam
990 3722 1155 3820 ingressus
1173 3748 1210 3797 er
1228 3722 1301 3806 via,
1326 3723 1392 3796 tibi
1405 3721 1500 3820 quasi
1517 3723 1632 3800 fidelis
1653 3723 1725 3806 sive
1744 3729 1910 3804 monstra-

718 3841 777 3898 tor
793 3820 863 3897 srve
894 3821 1053 3919 magister
1070 3817 1261 3916 praeeundo
1273 3818 1441 3915 prodess'e.
1466 3819 1598 3897 Verium
1621 3821 1700 3898 crim
1715 3827 1751 3898 in
1765 3824 1907 3902 eandem

718 3916 913 4016 palaestram
936 3915 1010 4013 ipse
1035 3937 1147 4012 nuper
1174 3917 1325 4013 primum
1351 3915 1609 4006 descenderim,
1634 3921 1733 4015 quod
1766 3945 1907 3997 munere

716 4015 763 4088 de
782 4036 855 4108 quo
874 4011 1061 4108 aliquando
1076 4009 1122 4084 ad
1146 4034 1182 4085 te
1206 4009 1341 4107 scripsi,
1365 4033 1513 4108 propter
1529 4015 1690 4090 bellicam
1712 4019 1809 4093 istam
1824 4042 1911 4093 tem·

717 4105 907 4206 pestatem,
931 4107 1042 4182 veteri
1056 4129 1153 4181 more
1174 4109 1452 4202 authoritateque
1469 4110 1556 4184 mihi
1573 4110 1673 4208 fungi
1687 4137 1758 4187 non
1779 4117 1905 4189 liceat:

716 4226 789 4278 non
806 4203 938 4289 habeo,
963 4227 1003 4278 ur
1017 4223 1187 4300 quantum
1198 4221 1304 4298 opto,
1330 4223 1366 4276 te
1381 4208 1546 4317 adjuvare
1564 4209 1601 4283 &
1619 4211 1804 4302 praeceptis
1822 4214 1906 4282 meis

706 4299 882 4376 ‘insiruere
899 4299 1031 4396 poffim.
1081 4297 1138 4372 Te
1160 4319 1276 4375 tamen
1294 4297 1396 4395 spero
1420 4323 1490 4396 Jam
1514 4326 1580 4400 per
1602 4325 1637 4376 te
1658 4301 1737 4378 satis
1765 4300 1900 4399 sapere:

1832 4425 1902 4477 ΠΕ·

755 4487 829 4577 (ι)
850 4487 981 4562 Horra
998 4489 1207 4577 chbtirrgero]
1229 4489 1273 4559 V.
1292 4487 1404 4560 Notus
1424 4491 1473 4560 ad
1488 4488 1607 4562 Vitam
1625 4488 1673 4562 N.
1693 4491 1772 4561 XX.
1806 4425 1832 4499 q
