4882 5804
313 1821 315 1824 .
427 1750 595 1826 avimus.
644 1741 757 1833 Quod
784 1764 807 1816 ο

506 561 1041 676 essentessent
1064 559 1156 656 Ao
1183 559 1512 666 ostensos.
1553 597 1639 694 15⁹

430 779 602 882 postrorts
621 777 718 853 muru
737 767 890 847 offitium
913 763 1100 862 diligenter
1114 767 1307 862 expleant,
1323 762 1521 866 formasque
1538 791 1634 848 sem-

429 877 566 980 pellite
579 873 784 958 absolvant,
802 867 877 965 qud
892 863 997 976 semel
1012 866 1210 960 iterumque
1224 863 1330 957 prelo
1342 859 1488 959 subjici,
1513 890 1558 944 ac
1578 867 1632 947 fic

360 1063 389 1070 .‚
430 974 622 1054 eorrastins
636 961 920 1060 emendatiusqae
941 983 1054 1045 exne,
1076 983 1122 1036 ee
1140 960 1295 1056 iutprnm
1309 980 1453 1056 queant
1496 962 1540 1038 ln
1577 989 1632 1044 uo

429 1075 550 1150 itidem
576 1093 648 1145 non
671 1087 787 1163 parva-
805 1081 927 1138 eorum
949 1056 999 1130 ets
1018 1081 1147 1167 opera:
1167 1056 1294 1167 etenim
1317 989 1585 1152 quantumuisd

430 1171 642 1265 diligentes,
677 1157 741 1236 uili
768 1179 911 1258 quoque
935 1155 1070 1250 aliquid
1092 1152 1322 1240 eruditionis,
1345 1153 1542 1252 prditiique
1565 1163 1628 1233 ha-

427 1271 554 1353 beant,
580 1256 848 1340 Corrtstoribns
862 1251 1055 1348 dequibus
1066 1249 1188 1346 postea
1202 1251 1382 1336 ditemus,
1405 1254 1552 1327 multum
1568 1277 1633 1328 ne·

429 1365 520 1462 gotii
549 1355 742 1444 facessunt,
774 1351 815 1428 dt
839 1354 973 1426 ceteris
1006 1349 1174 1444 operariis
1208 1369 1373 1442 mgnum
1403 1345 1631 1444 impedimen.

429 1482 506 1536 tum
522 1456 686 1532 adserunt
698 1449 736 1528 T
735 1445 1021 1549 ypograpbisque
1037 1441 1187 1520 officinm
1200 1443 1379 1538 Magistris
1400 1465 1526 1540 patum
1547 1445 1630 1524 sunt

428 1558 545 1634 utiles.

477 1651 579 1726 Huic
597 1667 714 1724 autem
725 1635 962 1812 congesturi
971 1635 1125 1714 succedit
1139 1635 1170 1709 is
1186 1657 1291 1732 quem
1303 1632 1549 1713 Curresloremt
1564 1661 1630 1714 vo.

1575 1080 1633 1136 int

845 1759 937 1813 trum
966 1732 1072 1812 dodo
1099 1733 1204 1808 alicui
1232 1733 1310 1806 viro
1349 1732 1423 1809 sere
1453 1737 1627 1815 committi

428 1847 536 1931 solet,
561 1843 624 1943 qui
638 1835 867 1935 cumjudicio
886 1831 1015 1908 formas
1032 1824 1243 1926 compostus
1257 1830 1412 1926 relegat,
1436 1831 1630 1910 recenseat·

427 1967 499 2042 que
513 1965 598 2017 num
621 1935 715 2015 reste
730 1954 850 2010 omnes
937 1932 949 2004 i
974 1931 1170 2024 litteraeque
1193 1923 1261 1998 srnt
1282 1923 1502 2023 conjuntlae,
1525 1928 1548 2002 s
1566 1933 1627 2008 lla,

427 2039 554 2136 teque
579 2059 622 2112 ac
638 2031 815 2109 orationes
834 2029 869 2102 di
900 2021 1011 2100 indite.
1061 2024 1119 2099 Ae
1142 2024 1211 2096 hoc
1230 2023 1333 2096 etiam
1358 2019 1467 2100 offitii
1487 2027 1529 2122 ip
1554 2021 1628 2102 met

427 2135 466 2210 T
494 2129 692 2232 pographi,
727 2126 753 2201 fi
799 2125 862 2198 uid
893 2125 1084 2196 litterarum
1112 2139 1253 2205 tenent,
1286 2115 1349 2192 stbi
1376 2141 1629 2219 nonnunquam

474 2251 593 2306 umere
612 2226 736 2301 solent.
774 2151 835 2294 iit
852 2221 944 2294 hanc
960 2215 1103 2312 quidem
1118 2237 1262 2312 operam
1276 2211 1350 2310 ipse
1368 2217 1523 2307 Erasmus
1547 2217 1624 2295 Ro-

426 2328 626 2406 terodamus
642 2319 725 2419 (cui
741 2317 934 2392 Frobrnt'nnu
948 2313 1209 2411 Typograpbia
1228 2311 1463 2386 celebritatem
1474 2316 1625 2410 primam

425 2425 552 2515 debet)
578 2421 692 2496 subire
712 2439 782 2489 non
796 2411 1024 2508 gravabatur:
1050 2431 1123 2507 qao
1147 2431 1253 2503 opera
1268 2405 1324 2482 sua
1348 2431 1393 2482 eo
1410 2413 1627 2487 emendatius

388 2531 396 2550 '
424 2525 461 2599 in
480 2525 594 2596 lucem
609 2517 752 2593 exirem.
802 2507 936 2582 Eadem
959 2505 1147 2581 solicitudo
1164 2507 1201 2578 bt
1220 2529 1278 2592 me,
1301 2507 1338 2578 in
1366 2511 1624 2584 commentariis

387 2653 391 2656 ·
422 2622 511 2696 ustis
528 2615 671 2691 edendis
691 2601 822 2684 menses
839 2605 928 2678 duos
946 2603 1089 2678 Bafileae
1107 2603 1286 2684 detenuit,
1312 2620 1353 2675 ut
1370 2605 1483 2700 prima
1498 2604 1627 2683 soetura

422 2715 637 2792 emendatior
674 2699 858 2806 prodiret(
895 2699 1107 2797 Quanquam
1141 2723 1185 2774 eo
1218 2718 1377 2794 ternpore
1412 2700 1481 2776 hoc
1512 2700 1625 2778 officii

422 2811 608 2912 praestabat
621 2809 658 2881 in
677 2803 811 2878 cereris
832 2802 1019 2895 operibus,
1043 2820 1126 2895 quae
1140 2798 1177 2869 in
1202 2797 1323 2870 eadem
1340 2793 1480 2870 officina
1502 2801 1623 2896 impri-

420 2909 623 2990 mebantur,
648 2896 864 2996 sigismundus
882 2895 1044 2983 &lenium
1068 2895 1126 2967 vir
1136 2889 1313 2986 insigniter
1323 2890 1472 2980 clodius,
1490 2892 1529 2969 dt
1545 2900 1622 2969 lon·

446 3032 465 3082 e
481 3005 625 3080 meliore
638 2997 779 3071 fortuna
793 2991 829 3066 di
857 3011 932 3064 nus.
957 2989 1097 3067 Etenim
1114 2989 1176 3085 ipsi
1195 2988 1436 3086 Typographi
1452 2991 1622 3084 quaesturn

415 3029 496 3180 gere
511 3121 632 3176 omnes
648 3092 819 3191 imprimis
831 3015 1026 3164 iettentur:
1049 3084 1112 3160 nifi
1128 3083 1270 3160 destun]
1293 3083 1536 3184 emundiaeque
1561 3111 1622 3162 na·

419 3203 468 3277 ris
493 3191 736 3271 eoneetoren
765 3187 938 3270 babeant,
969 3183 1192 3281 quantumvis
1218 3184 1391 3278 elegantes
1423 3182 1489 3260 snt
1517 3187 1622 3283 typi,

419 3314 615 3388 ceteraque
638 3289 755 3364 omnia
780 3282 1012 3379 applaudant:
1037 3283 1173 3355 laudem
1200 3299 1315 3354 tamen
1344 3281 1528 3371 amittente,
1554 3281 1619 3358 nist

420 3389 670 3469 correctorum
685 3381 868 3478 diligentia
893 3398 1077 3477 appareat:
1110 3375 1189 3454 etim
1214 3377 1361 3476 quilibet
1375 3377 1561 3455 studiosus
1575 3381 1619 3455 li·

418 3490 502 3566 bros
525 3507 581 3558 ma
607 3485 635 3556 's
650 3481 878 3564 emendatos,
901 3479 1005 3574 quim
1030 3478 1204 3572 elegantes
1228 3475 1391 3568 requirat

468 3503 670 3658 consedisti
680 3596 795 3649 autem
812 3571 981 3647 subservit
997 3573 1026 3647 is
1039 3593 1148 3741 lquern
1165 3569 1347 3644 bellorum
1364 3592 1504 3645 vocant.
1531 3572 1622 3648 Col*

417 3683 502 3761 latio
516 3678 609 3752 enim
632 3673 756 3770 prime
777 3669 901 3746 sormae
926 3670 1038 3765 impre
1067 3689 1097 3740 ae
1121 3689 1202 3741 cum
1229 3667 1447 3762 exemplari,
1471 3672 1619 3744 omnino

419 3772 603 3856 necessaria
618 3767 686 3845 est:
712 3767 750 3844 dt
765 3785 807 3840 ut
823 3761 920 3839 rede
933 3763 1020 3852 siat,
1046 3764 1191 3840 duorum
1205 3785 1348 3858 operam
1373 3765 1526 3860 requirit,
1551 3764 1617 3840 so.
1721 3785 1726 3797 ·

416 3883 562 3970 lentque
584 3870 622 3942 iu
641 3867 731 3942 bene
747 3861 911 3938 institutis
930 3859 1078 3935 officinis
1105 3876 1179 3934 tres
1199 3857 1329 3934 confici
1352 3855 1496 3945 sormae,
1519 3862 1616 3938 ordi·

415 3995 531 4069 neque
558 3963 700 4062 fingulae
724 3960 856 4058 relegi,
880 3981 954 4055 quo
971 3960 1067 4032 omni
1091 3979 1137 4030 ex
1162 3954 1266 4054 pand
1297 3959 1434 4032 mendae
1456 3959 1616 4057 vitiaque

415 4083 676 4240 exqtqrggpitrptqq
696 4149 958 4268 impressoribus
991 4145 1355 4263 liberaimprimendi
1374 4145 1424 4261 ⁸lit
1449 4151 1616 4247 potestas,

413 4265 472 4341 Ex
484 4260 613 4362 quibus
628 4275 717 4328 uuus
732 4254 822 4348 prlas
845 4268 1038 4324 atramento
1062 4264 1206 4340 irrigat,
1229 4243 1353 4338 easque
1372 4246 1522 4324 invitem
1539 4254 1616 4324 col.

413 4361 512 4448 lidie,
537 4351 653 4457 quose
664 4365 894 4426 anamenntns
910 4345 1130 4420 commodius
1142 4341 1180 4416 in
1195 4362 1254 4413 eas
1272 4337 1464 4440 dispergat:
1482 4341 1616 4440 quibus

413 4456 541 4540 deiude
556 4472 669 4558 typos
688 4448 844 4546 undiqne
867 4445 994 4544 tingit:
1018 4445 1108 4522 alter
1122 4438 1212 4516 verd
1235 4435 1370 4532 mutas
1385 4443 1432 4526 ad
1454 4441 1616 4544 iopam-

1560 4559 1622 4618 tas
