4680 5828
702 685 766 811 56
809 661 1887 822 v1nt11tnntnnazn1tnnnn

637 859 640 866 ’
713 867 816 948 obfit
864 865 1003 942 Vellem
1020 887 1135 942 antem
1155 884 1192 942 te
1205 865 1404 943 Mediolani
1422 865 1509 953 elle,
1531 865 1578 942 fic
1596 866 1690 942 enim
1706 866 1809 943 nobis
1824 869 1909 944 lice·

713 987 771 1042 tet
783 964 940 1042 crebrius
954 983 989 1038 te
1005 966 1159 1039 omnium
1174 987 1290 1039 rerum
1305 967 1489 1039 certiorem
1510 961 1636 1038 facere.
1688 964 1909 1041 CaeteraRu-

710 1065 822 1160 pilium
835 1061 938 1135 adte
957 1057 1124 1157 scripstffe
1141 1083 1212 1135 non
1234 1059 1368 1136 dubito.
1421 1062 1556 1135 Bemlus
1580 1061 1645 1134 tibi
1668 1083 1711 1134 ex
1728 1061 1843 1136 animo
1856 1059 1909 1136 fa·

714 1179 786 1235 vet.
830 1155 904 1232 sed
925 1159 1016 1233 inter
1031 1157 1143 1254 ipsum
1162 1158 1201 1234 δι
1216 1157 1392 1252 Egnatium
1404 1155 1555 1230 simultas
1567 1153 1627 1230 est.
1653 1157 1798 1251 Alioqui
1815 1179 1911 1230 com·

716 1255 891 1330 municato
901 1252 1045 1329 confilio
1059 1276 1133 1330 rem
1146 1251 1462 1352 pollentperfieere
1480 1251 1562 1323 w'm
1578 1250 1619 1320 δυ’
1631 1250 1815 1346 Ἐῥχιμίνω.
1831 1255 1913 1354 Cae·

715 1352 770 1426 sar
788 1349 1047 1462 Bqnoniaeest,
1072 1347 1110 1422 δι
1126 1373 1206 1424 cum
1232 1349 1404 1462 Pontifiee
1420 1350 1569 1461 consulit
1582 1352 1717 1446 magnis
1747 1353 1790 1424 de
1809 1349 1913 1425 rebus

716 1447 894 1618 teiln
1013 1445 1915 1653 attentelnttssaffltltlsztnnn:

716 1642 785 1716 bus
807 1637 988 1711 filentium.
1024 1638 1114 1714 Vale
1136 1637 1176 1716 ἀ
1190 1659 1243 1712 tut
1257 1635 1528 1711 studiofiffimum
1544 1636 1755 1734 disnpulum
1773 1637 1914 1716 viciffim

718 1759 805 1810 ama.
832 1734 979 1810 Patavii.
1028 1732 1173 1809 ottavo
1188 1732 1335 1808 Calend.
1349 1735 1507 1828 Januarii
1530 1755 1711 1828 an.1532.

947 1907 1454 2004 EPISTOLA
1510 1909 1711 2005 XXII.

805 2085 1152 2178 ERASMO
1209 2083 1840 2183 ROTERODAMO.

720 2262 796 2356 De
818 2283 977 2377 accepta
1005 2259 1056 2347 ab
1083 2257 1254 2377 Ernfmn
1283 2258 1440 2374 epistola
1465 2257 1635 2350 exultat.
1693 2260 1918 2382 Egnatium

784 2377 830 2469 V
826 2384 963 2462 enetiis
988 2378 1156 2462 audivit.
1214 2375 1288 2464 De
1309 2372 1482 2487 Asellam'
1510 2373 1690 2466 taberna.
1747 2377 1822 2467 De
1833 2377 1918 2466 La·

781 2518 877 2580 znro
898 2489 1059 2602 Bnyfi0‚
1087 2486 1381 2688 Patavinisssne
1398 2486 1688 2601 profefforibus.
1746 2489 1820 2577 De
1833 2488 1918 2578 Lu-

775 2608 916 2690 tiovico
937 2602 1036 2690 Cato
1055 2628 1103 2688 ac
1115 2602 1274 2689 Alciatn
1332 2605 1514 2686 ananiam
1533 2601 1754 2690 evocandis.
1802 2599 1917 2690 Mat·

775 2716 907 2803 thaens
930 2715 1096 2804 Curtius
1114 2713 1348 2810 Medicinae,
1378 2709 1571 2800 Lazarus
1594 2711 1834 2802 Bonamicus
1858 2713 1918 2802 bo·

783 2859 931 2917 narum
948 2827 1160 2916 literarum
1178 2825 1231 2915 ibi
1252 2821 1501 2942 prosefflres.
1561 2821 1715 2916 Petrus
1742 2825 1918 2917 Bembus
2024 2925 2031 2934 ,

780 2947 914 3058 magii.
928 2942 1071 3028 Italica*
1096 2944 1217 3056 (μιάνῃ
1246 2940 1393 3030 Latine*
1422 2937 1614 3056 loquitun.
1675 2939 1786 3054 Quas
1819 2943 1919 3030 cedes

785 3061 868 3172 ipse
896 3055 1068 3146 Patavii
1088 3052 1301 3160 inhabitet,
1330 3059 1369 3141 in
1392 3080 1493 3168 quas
1513 3051 1730 3169 Erasmum
1760 3061 1919 3145 invitat.

729 3246 1018 3416 Epistolatna,
1045 3244 1261 3318 emditilllme
1279 3245 1432 3338 Erasme,
1457 3270 1560 3345 quam
1580 3247 1696 3325 mense
1723 3249 1921 3327 Novembri

820 3342 863 3419 ad
888 3364 942 3414 me
963 3339 1147 3436 ·scripfisti,
1174 3341 1336 3416 Calendis
1359 3345 1532 3437 Januariis
1568 3348 1654 3420 mihi
1683 3347 1731 3423 est
1762 3351 1919 3438 reddita,

723 3463 833 3536 quam
853 3434 1014 3534 prosette
1044 3440 1125 3512 loeo
1154 3439 1347 3533 gnatiffimae
1373 3441 1497 3515 strenae
1521 3445 1665 3536 accepi,
1698 3444 1792 3518 unde
1815 3447 1919 3521 etiam

731 3538 870 3610 ominor
886 3534 981 3604 hunc
1006 3555 1131 3606 annum
1146 3534 1232 3605 mihi
1249 3535 1292 3609 ad
1306 3555 1405 3607 tuum
1427 3559 1579 3612 amorem
1596 3541 1814 3614 retinendum
1838 3563 1922 3617 con·

725 3633 1005 3724 *firmandumque
1028 3624 1175 3703 feliciter
1190 3629 1437 3724 processurum.
1487 3631 1568 3728 Ego
1587 3635 1677 3707 nihil
1694 3634 1803 3711 sciens
1820 3639 1922 3711 omit·

728 3751 804 3803 tam
813 3779 825 3816 ,
848 3728 944 3823 quod
971 3745 1063 3796 tuam
1090 3724 1338 3818 benignitatem
1356 3731 1452 3802 alere
1485 3749 1588 3824 atque
1610 3754 1733 3827 augere
1762 3757 1845 3830 erga
1867 3754 1923 3808 me

732 3825 844 3921 poffit.
895 3822 950 3894 De
971 3821 1096 3895 itinere
1119 3845 1199 3892 meo
1221 3820 1293 3914 jam
1324 3843 1423 3897 antea
1456 3826 1500 3899 ad
1522 3845 1557 3899 te
1585 3824 1713 3925 scripit.
1764 3827 1923 3905 Venetiis

726 3923 841 3994 :solum
860 3919 1035 4012 Egnatium
1051 3918 1154 3988 variis
1172 3917 1285 3990 adhuc
1299 3923 1447 4016 negotiis
1464 3921 1673 4016 implicitus,
1699 3947 1805 4021 atque
1821 3929 1924 4002 etiam

730 4021 897 4112 ignotus.
923 4013 958 4084 δι
977 4013 1105 4103 linguae
1127 4014 1264 4108 ignarus
1283 4018 1442 4088 conveni.
1492 4019 1623 4092 Audivi
1644 4041 1679 4093 te
1729 4019 1926 4097 rofitentern

732 4115 849 4196 illum,
873 4107 933 4180 sed
951 4105 1059 4180 surdis
1076 4111 1241 4205 pleraque
1260 4111 1418 4186 auribus:
1443 4108 1522 4184 cinn
1542 4111 1679 4188 Italicas
1697 4045 1840 4191 fabellas
1852 4118 1867 4210 (
1881 4117 1925 4210 1)

1806 4213 1926 4286 lestin-

777 4317 841 4402 (1)
862 4314 986 4381 Italicas
999 4311 1133 4394 fabellas
1146 4311 1314 4379 remonitus
1328 4313 1398 4382 &n
1419 4313 1543 4398 noy-uus
1561 4315 1595 4380 in
1610 4317 1761 4387 Distion.
1782 4339 1850 4392 non
1869 4329 1933 4396 ob·

735 4403 866 4475 servat,
887 4397 979 4478 quod
1000 4395 1120 4478 Viglius
1139 4397 1346 4490 hicprpnir3
1370 4413 1557 4465 contentus
1575 4399 1744 4482 docuille,
1765 4405 1931 4490 Egnatium

736 4482 982 4581 disertiffirnum
1012 4479 1129 4557 suile,
1161 4479 1436 4560 eruditiffintutn,
1469 4485 1504 4550 ὄι
1529 4481 1723 4553 felictffimae
1756 4497 1933 4563 memoriae

734 4587 861 4637 virum.
