4612 5850
535 555 728 764 aarum
757 611 1066 733 suiacum
1092 651 1159 732 m
1186 560 1506 790 obtensos
1549 625 1654 761 ‘3⁶9

446 837 679 917 argumenta,
713 811 840 913 quibus
874 833 939 886 nos
962 807 1168 908 jamdudum
1192 808 1230 888 in
1254 807 1411 884 eamdem
1435 809 1543 885 traxit
1569 833 1653 886 eon·
1745 847 1747 856 a
1797 893 1803 903 .

446 915 726 1001 demnationem,
751 913 810 984 cui
835 907 872 986 δι
897 905 1038 1004 seipsam
1063 906 1221 1005 subjecit.
1274 899 1356 1002 Ego
1382 908 1477 983 cert&
1505 909 1565 982 hic
1614 934 1653 984 ro
1694 917 1701 926 '
1803 901 1809 924 ¹

342 1093 353 1102 ,
445 1009 588 1107 fingulir
605 1010 687 1095 vini
701 1009 786 1096 amis
804 1003 938 1082 solvere
956 1027 1066 1103 cogor
1087 1007 1227 1107 nomine
1247 1005 1334 1079 novi
1355 1007 1459 1112 huius
1478 931 1611 1102 impotp

471 1107 545 1182 uod
569 1103 689 1182 Status
708 1104 905 1180 Brabantiae
928 1100 1226 1192 introduxerunt,
1250 1097 1398 1177 stuferos
1417 1109 1477 1194 4¹8.
1503 1101 1560 1178 Ad
1576 1105 1656 1202 haep

441 1133 533 1280 inlu
553 1228 621 1302 pro
641 1203 782 1302 ungulis
805 1199 895 1278 focis
923 1198 1110 1278 florenum.
1161 1199 1263 1276 Solvi
1291 1197 1492 1295 vigessmam
1518 1200 1656 1296 penfio·

444 1302 501 1378 nis
529 1303 679 1378 aedium:
710 1319 840 1398 praeter
870 1300 962 1382 aua,
988 1299 1116 1396 quibus
1141 1299 1201 1374 hic
1229 1310 1301 1370 non
1325 1299 1438 1374 miuus
1462 1296 1653 1388 Curious,

444 1397 550 1496 quim
572 1399 690 1476 caeteri
712 1401 837 1474 incola
860 1421 901 1474 ac
922 1397 1018 1472 cives
1062 1417 1238 1475 ravantum
1290 1391 1530 1482 Quamobrem
1546 1396 1653 1471 velim

334 1542 336 1550 ·
436 1493 588 1572 excuses
608 1519 627 1569 a
656 1497 704 1570 ud
719 1493 890 1592 uouegu
911 1513 991 1570 tuos
1013 1421 1165 1574 officium
1184 1515 1320 1579 meum,
1345 1493 1406 1565 oui
1423 1493 1460 1565 in
1483 1492 1550 1566 hac
1573 1509 1654 1574 cau·
1690 1535 1696 1548 ·

443 1588 479 1665 sa
503 1592 601 1690 apud
654 1595 791 1691 eginum
804 1587 919 1668 nrrilus
942 1595 1041 1666 locur
1060 1588 1278 1668 conceditur.
1329 1585 1553 1684 Objiciebam
1570 1589 1651 1666 Ma·

432 1684 556 1782 jestati
581 1685 678 1780 suae,
709 1690 802 1766 hanc
821 1690 1080 1764 immunitatem
1108 1687 1230 1786 haberi
1250 1687 1287 1762 in
1310 1705 1409 1784 parte
1437 1683 1652 1760 Salariorum

441 1785 662 1870 nostrorum,
687 1784 807 1886 quaeflii
825 1787 1083 1874 diminuantur,
1095 1788 1222 1863 merito
1245 1804 1311 1858 noa
1329 1781 1653 1880 habereregreffum

320 1899 338 1916 ‘⁴
441 1883 487 1955 ad
503 1875 692 1972 Caesarem,
719 1905 758 1958 ut
772 1881 952 1980 suppleat,
977 1881 1134 1981 quodfic
1155 1881 1336 1958 deciditur.
1372 1879 1577 1956 Premebam
1591 1903 1653 1955 au-

436 1979 608 2055 thoritate
632 1979 840 2150 Evanpeiii:
876 1985 895 2076 (
907 1982 958 2150 a}
988 1980 1160 2078 numquid
1184 1981 1245 2076 qui
1272 1980 1306 2051 in
1332 1975 1494 2054 domibus
1511 1974 1652 2074 Regum
1758 2046 1761 2060 ,

441 2073 541 2168 sunt,
564 2077 716 2172 vestigal
747 2079 905 2151 olvunt?
960 2076 1004 2154 ed
1028 2079 1090 2153 illa
1114 2079 1192 2152 haec
1209 2078 1253 2152 ad
1270 2077 1447 2154 ordinaria
1465 2077 1652 2172 vectigalia

438 2174 620 2341 pertinere
642 2175 704 2248 ait.
755 2169 987 2272 Quaeritque,
1014 2195 1104 2252 anne
1124 2175 1162 2252 δι
1181 2199 1246 2250 nos
1264 2171 1429 2248 abversus
1449 2160 1568 2248 hostes
1588 2173 1652 2246 de·

459 2269 657 2346 endamur‘i
689 2267 809 2366 Atque
842 2289 881 2348 ut
901 2271 972 2346 illis
998 2274 1034 2348 in
1062 2271 1240 2347 ruentibus
1269 2291 1374 2345 nemo
1408 2269 1540 2346 otiosus
1561 2267 1649 2352 defi-

435 2363 526 2442 ·dere
545 2365 684 2456 debet,
716 2365 776 2442 sed
800 2367 1007 2467 utquisque
1028 2295 1200 2466 ,irincipi
1227 2369 1276 2446 est
1299 2368 1476 2465 propior,
1506 2367 1556 2440 ita
1578 2365 1650 2464 pri·
1758 2415 1771 2429 ,

436 2483 522 2538 mus
547 2465 592 2538 ad
617 2483 711 2538 arma
736 2485 919 2541 accurrere
939 2465 1062 2542 debet:
1089 2465 1138 2542 fic
1165 2487 1303 2564 ,uoque
1327 2462 1469 2540 'eosdem
1492 2465 1537 2538 ad
1562 2485 1649 2540 con·

438 2561 666 2636 tributionem
690 2584 814 2637 eorum
832 2615 851 2664 ,Ι
875 2585 954 2658 quae
978 2561 1099 2655 militi,
1125 2487 1280 2660 ipiurum
1302 2563 1419 2635 vicem
1443 2559 1647 2645 sustinenti,

436 2655 651 2746 solvuntur,
691 2659 826 2733 caetetir
847 2661 975 2756 praeire
1006 2660 1144 2734 debere.
1195 2659 1246 2734 Et
1269 2679 1471 2756 quanquam
1489 2679 1563 2731 non
1587 2656 1659 2732 de·-

437 2751 518 2828 sunt
533 2804 546 2842 ,
560 2776 653 2848 -quae
675 2756 839 2849 replicari
865 2755 1017 2850 poffint:
1042 2755 1125 2834 cuim
1150 2757 1291 2831 videam
1314 2776 1431 2829 tamen
1455 2755 1549 2829 iilam
1577 2755 1646 2830 hac

437 2850 717 2926 contradictione
741 2850 851 2945 magis
875 2855 920 2923 ad
947 2853 1056 2940 bam,
1088 2849 1195 2946 quim
1218 2852 1264 2926 ad
1289 2851 1479 2946 requiorem
1508 2853 1647 2927 moveri

435 2947 642 3022 sententiam
653 2993 667 3032 ,
690 2965 801 3039 cogor
825 2941 921 3018 certe
949 2948 994 3020 ab
1011 2947 1179 3022 ulteriore
1205 2951 1283 3042 ejus
1307 2945 1421 3020 causae
1443 2943 1645 3024 defenfione

417 3039 608 3120 ·deiistere.
658 3038 902 3136 Quamobrem
925 3039 1006 3118 cium
1025 3043 1115 3118 nibil
1134 3039 1262 3140 profici
1281 3060 1403 3137 queat,
1427 3041 1468 3116 δι
1495 3066 1560 3118 nos
1585 3045 1645 3119 bic

436 3137 476 3214 in
497 3137 617 3212 eadem
634 3132 736 3213 sunus
751 3139 854 3226 nari,
866 3161 939 3214 non
953 3137 1070 3216 habeo
1088 3137 1186 3214 aliud
1231 3140 1303 3215 uod
1324 3137 1518 3227 consulam,
1538 3138 1645 3236 quarn

437 3255 481 3312 ut
502 3255 688 3310 commune
705 3235 834 3310 malurn
848 3237 1026 3334 patienter
1041 3237 1170 3314 feratis.
1194 3161 1294 3311 [iletre
1309 3235 1409 3326 vate,
1426 3233 1499 3330 Sufi
1513 3235 1644 3312 Aman·

435 3331 584 3408 tiffime:
622 3353 664 3408 ac
688 3331 849 3409 Domino
872 3335 914 3406 ab
945 3331 1123 3432 Afflndrift
1148 3331 1225 3430 (3)
1250 3332 1452 3429 caeterisque
1478 3332 1643 3410 Dominis

415 3431 542 3506 ‚Colle
568 3431 576 3446 '
606 3431 759 3528 multam
783 3427 901 3528 quaeso
927 3453 1025 3510 ame
1054 3430 1199 3510 salutem
1216 3429 1340 3514 dicito.
1387 3430 1565 3514 Bruxellae
1588 3433 1642 3510 ul-

432 3527 521 3604 tima
585 3527 893 3620 ovembrir'1554.

478 3717 545 3805 (α)
566 3711 763 3788 Aurioruurr
780 3719 970 3807 Evangelii]
1003 3720 1045 3790 in
1064 3737 1134 3806 quo
1152 3720 1191 3790 id
1217 3720 1407 3811 Evangelio
1428 3723 1554 3810 legerit
1577 3721 1639 3794 Vra
1743 3781 1745 3786 .

426 3800 530 3889 gutur,
553 3821 573 3870 e
597 3821 619 3870 o
641 3804 811 3889 quidemi
862 3825 937 3874 oro.

428 3941 431 3948 ·
478 3887 546 3974 (3)
656 3895 700 3957 'no
720 3890 758 3956 ab
778 3824 968 4052 Affmdeist]
988 3889 1152 3960 'Gerardo
1164 3938 1175 3974 ,
1198 3890 1350 3977 opinor,
1377 3933 1378 3936 =
1402 3893 1439 3958 ui
1460 3903 1539 3961 ante
1560 3891 1639 3960 Cor·

425 3970 543 4145 mn
570 3969 646 4064 ruys
672 3973 788 4050 eidem
834 3987 953 4051 turtur
977 3973 1164 4066 presedit,
1192 3989 1234 4051 ut
1252 3977 1362 4050 babet
1465 3995 1513 4050 w.
1532 3982 1584 4048 cu.
1599 3995 1638 4064 p.

474 4611 562 4698 Tra.
585 4619 640 4699 ΙΙ.

1592 1007 1654 1092 rti,
1765 1093 1767 1102 Α
