4840 5830
751 627 809 735 tt
860 593 863 598 ·
925 597 1267 707 dannan
1305 601 1826 716 nanctroms·

570 800 653 880 qual
753 811 790 885 in
817 805 872 880 die
898 802 1135 879 voornoemde
1162 799 1285 878 Lande
1307 823 1378 878 van
1403 802 1602 897 Hollandt,
1634 807 1829 904 Zeelandt‚
1852 817 1943 893 enda
1974 835 1977 842 ’

573 875 671 941 mense
754 899 981 997 Vtyessandt,
1006 901 1251 996 behoudelyck
1267 901 1363 976 oock
1379 903 1434 978 die
1453 903 1737 1004 Erffachtigbtyt
1755 911 1817 984 det
1830 910 1942 989 selvet
1971 943 1973 949 ’
2081 961 2083 964 -

573 949 703 1108 mm
755 997 919 1084 handen,
930 993 1041 1093 giften
1049 997 1137 1072 ende
1152 993 1401 1072 Confirmatien
1416 1021 1485 1072 van
1500 1002 1706 1097 privilegien
1717 1005 1805 1078 ende
1815 1007 1941 1082 bandt·

572 1115 638 1170 atat
658 1109 708 1172 ns.
754 1093 898 1180 vellen,
922 1093 1084 1166 collatien
1097 1093 1185 1165 ende
1198 1089 1506 1189 presentatienvan
1521 1095 1941 1192 geelielyltebeneficien,

573 1189 652 1284 ⁸l³l3d
756 1191 845 1264 ende
866 1210 937 1274 van
958 1191 1022 1262 alle
1046 1185 1200 1265 diensten
1224 1209 1269 1261 en
1296 1189 1454 1274 officien,
1487 1193 1545 1266 die
1569 1193 1682 1266 vellen
1697 1191 1810 1269 'sullen
1832 1199 1868 1269 in
1886 1200 1944 1273 die

574 1282 718 1420 affl
756 1285 995 1360 voornoemde
1013 1282 1156 1359 Landen
1166 1333 1180 1369 ,
1204 1285 1287 1358 daar
1304 1309 1393 1383 geen
1411 1284 1583 1360 antianck
1597 1311 1661 1362 aen
1677 1311 1722 1361 en
1744 1292 1852 1366 kleeft
1862 1296 1943 1382 ,die

572 1423 702 1490 fultum,
761 1382 890 1455 welclte
908 1378 1101 1478 geheelyclt
1115 1401 1181 1454 aen
1195 1401 1258 1452 ons
1276 1383 1410 1479 blyven
1427 1377 1560 1469 sulen,
1589 1405 1659 1456 van
1677 1388 1838 1462 welcken
1855 1390 1944 1465 saec-

575 1498 682 1560 Vnum
758 1481 829 1552 ken
845 1499 880 1550 te
903 1477 996 1549 doen
1021 1478 1091 1550 wel
1115 1475 1206 1549 ende
1230 1476 1479 1574 deughdelyck
1504 1481 1541 1551 in
1562 1476 1624 1553 der
1651 1473 1825 1556 manieten
1852 1489 1945 1559 voit·

542 1589 708 1649 moganum
757 1570 944 1648 schreeven
960 1570 1042 1643 onse
1058 1570 1280 1646 voirschreve
1295 1569 1560 1668 gemachtichde
1581 1573 1718 1650 hebben
1738 1598 1793 1654 eet
1808 1581 1944 1673 gedaen
2100 1611 2103 1618 ·

572 1651 705 1792 {iffi
758 1670 794 1742 in
810 1667 916 1741 onsen
936 1669 1095 1752 handen,
1118 1669 1207 1740 ende
1222 1663 1330 1741 sullen
1345 1668 1461 1743 solcke
1480 1668 1633 1742 wedden
1651 1673 1732 1744 daer
1751 1671 1806 1744 aff
1807 1677 1944 1752 hebben

575 1751 724 1870 §must
757 1766 899 1836 alehem
915 1763 966 1858 by
986 1761 1093 1836 onsen
1105 1761 1255 1836 anderen
1270 1763 1411 1836 brieven
1426 1764 1650 1860 geordineett
1665 1759 1800 1842 weesen
1818 1768 1941 1848 sullen.

576 1890 721 1960 qum„
757 1855 961 1946 Ontbieden
980 1857 1175 1930 daammme
1202 1861 1292 1932 ende
1316 1859 1461 1934 bevelen
1495 1861 1587 1932 allen
1618 1858 1686 1934 dett
1717 1866 1940 1958 amptluden,

574 1969 680 2039 pttrta·
758 1951 975 2038 Rechteren,
1001 1955 1205 2041 dienaeren,
1228 1953 1316 2028 ende
1332 1953 1558 2029 ondetsaeten
1581 1954 1644 2028 der
1662 1956 1784 2032 Lande
1802 1963 1940 2037 voorsz.

574 2044 723 2178 fflffl‘fl·
758 2048 853 2125 tiient
878 2069 1043 2158 aengaen¹
1063 2050 1186 2135 mach,
1219 2054 1280 2124 dat
1308 2049 1350 2148 sy
1374 2051 1483 2126 onsen
1507 2051 1773 2147 gemachtigden
1798 2056 1942 2134 bouven

572 2123 709 2270 {¹⁰¹3ssss
756 2167 922 2241 genoemt
941 2146 1128 2232 obedteten
1154 2149 1243 2220 ende
1263 2146 1486 2242 gehoorsaem
1508 2167 1599 2244 ayn,
1624 2147 1713 2222 ende
1727 2151 1764 2221 in
1780 2150 1837 2224 die
1852 2153 1944 2232 saec·

563 2272 716 2334 ‚stadam
756 2247 826 2316 ken
849 2244 988 2315 bouven
1012 2241 1228 2328 vercltlaett,
1262 2239 1384 2328 trolst,
1418 2245 1525 2339 helpe
1550 2243 1641 2316 ende
1665 2244 1806 2341 hystant
1827 2251 1943 2340 doen,

574 2351 693 2423 finum,
756 2340 872 2408 indien
899 2337 958 2407 dat
984 2335 1038 2428 syr
1066 2335 1228 2410 versocht
1253 2339 1413 2426 werden,
1438 2361 1536 2412 want
1557 2361 1619 2432 wy
1637 2341 1663 2412 ’t
1684 2337 1782 2414 alsoo
1802 2347 1941 2505 lpedalem

574 2429 683 2500 legitur
755 2434 872 2503 willen
891 2429 1039 2500 hebben.
1089 2429 1156 2500 Dit
1175 2429 1222 2500 sal
1247 2434 1422 2524 gedneten
1452 2453 1506 2502 tot
1530 2431 1637 2503 onsen
1662 2434 1782 2505 weder
1818 2461 1941 2532 eggen.

575 2504 678 2564 vander
754 2526 798 2599 'In
829 2521 1012 2595 Oirconde
1037 2522 1107 2596 dte.
1133 2522 1265 2597 Datum
1295 2527 1396 2618 linge
1423 2523 1681 2598 illudendam
1705 2526 1939 2628 inAupusto,

572 2583 645 2641 loco

575 2657 717 2722 tonderet,
756 2642 850 2697 artno
873 2615 1041 2690 XXVlll.

756 2831 761 2842 ·
1202 2775 1255 2870 By
1277 2797 1385 2873 myrteo
1412 2772 1499 2847 Hm
1518 2770 1576 2847 den
1600 2773 1741 2871 Hetttgl

576 2903 718 2979 titalio
754 2925 762 2938 ·
1225 2973 1229 2983 1
1565 2917 1595 3014 J
1622 2917 1824 3016 ΘΗΜ.

573 2988 627 3042 cit.
653 3001 721 3058 apo·
790 3057 792 3062 Α

575 3065 686 3212 {222⁰
804 3131 854 3208 Et
870 3131 926 3205 hae
944 3126 1021 3200 sunt
1036 3121 1165 3200 tabulae
1191 3109 1385 3200 Ereliionis
1405 3123 1563 3199 Camerae
1577 3123 1771 3200 Rationalis
1791 3123 1940 3204 Hollan·

573 3231 653 3274 “¹¹²²
673 3211 702 3290 J·
754 3230 823 3303 diae
850 3224 1129 3322 Hagen-Comitis
1144 3219 1331 3308 institntae,
1357 3225 1459 3295 toties
1478 3223 1661 3318 expetita,
1687 3222 1725 3296 &
1740 3223 1776 3294 in
1796 3219 1942 3301 Hollan·

577 3287 702 3354 Gan».
755 3328 814 3399 dia
830 3346 909 3397 cum
929 3322 1099 3394 anxietate
1115 3315 1289 3414 quaefitae,
1314 3319 1409 3412 quod
1425 3318 1626 3391 viderentur
1642 3319 1727 3390 olim
1744 3341 1823 3392 cum
1841 3341 1942 3396 caete·

756 3423 803 3496 ris
821 3416 1040 3491 munimentis
1059 3413 1252 3509 chartisque
1266 3416 1388 3486 ablatae
1412 3435 1474 3508 per
1492 3413 1708 3509 Principem,
1734 3412 1772 3486 ἃ
1800 3417 1835 3488 in
1858 3415 1943 3494 Bra·

754 3515 910 3591 bantiam
931 3512 1064 3584 aveliae
1089 3505 1207 3597 soille,
1231 3531 1338 3606 prout
1362 3505 1506 3582 Consilii
1532 3507 1758 3584 provincialis
1790 3509 1940 3589 Hollan·

751 3609 828 3692 ,diae
869 3629 1008 3680 atronus
1032 3627 1103 3678 non
1122 3603 1192 3678 sme
1239 3606 1352 3680 uerela
1373 3606 1566 3678 adnotavit.
1616 3605 1687 3699 40)
1714 3603 1763 3677 Et
1790 3607 1868 3680 baec
1892 3611 1942 3698 est

751 3707 816 3780 illa
889 3726 981 3779 mera
996 3723 1067 3775 tam
1087 3721 1154 3796 pro
1175 3629 1314 3794 juhjtiae
1339 3699 1658 3783 administratione.
1677 3697 1781 3796 qnam
1804 3723 1942 3798 prora.

754 3799 908 3890 tionibus
934 3797 1083 3893 publicis
1100 3795 1271 3884 instituta,
1296 3817 1376 3890 quae
1394 3790 1518 3888 Confilt'i
1536 3797 1768 3892 appellatione
1785 3801 1880 3874 venit
1902 3803 1940 3876 in

670 3975 673 3982 ,
753 3893 900 3986 petallis
923 3889 1004 3987 post
1020 3913 1148 3983 annum
1177 3897 1278 3984 1428.
1304 3890 1563 3986 diplomatibus.
1613 3889 1774 3966 Tandem
1791 3897 1868 3970 haec
1889 3893 1941 3970 est

632 4025 635 4032 ·
755 3991 825 4074 illa.
835 3987 1001 4074 Camena,
1027 4009 1129 4081 qnam
1148 3986 1250 4078 Philip
1272 4010 1307 4057 us
1335 3991 1438 4060 Bonus
1462 4008 1532 4061 non
1548 3988 1818 4081 praeexistentem
1844 3992 1941 4068 inve·
2009 4021 2012 4031 ¹

759 4085 835 4180 nit,
859 4083 917 4160 sed
933 4086 998 4176 ost
1020 4082 1171 4171 arellam,
1199 4004 1433 4179 insslttttamqtt
1458 4079 1558 4156 futile
1581 4085 1693 4178 toties¹
1709 4081 1849 4159 testatus
1870 4086 1941 4171 est,

1902 4183 1942 4257 in

797 4353 887 4522 ἕῳ)
906 4351 1054 4440 Ampele
1070 4349 1265 4422 Dedaliien
1284 4366 1351 4418 van
1366 4351 1436 4448 den
1450 4303 1578 4449 Horta
1593 4367 1662 4432 van
1679 4346 1832 4448 Holland
1852 4349 1944 4420 ende

607 4460 612 4470 ·
636 4544 641 4560 ι
760 4441 788 4510 s’
834 4439 1027 4528 tatenbage
1049 4435 1342 4509 rtakendebeate
1363 4433 1756 4530 latomere-‚Quaenam
1774 4452 1852 4523 pag.
1866 4448 1942 4521 427.
