4882 5804
536 863 584 930 Ex
597 862 659 927 To·

535 964 585 1006 mo
599 939 643 1004 ΙΙ.

534 1099 597 1162 uso.

561 1279 667 1357 1533·

714 611 793 718 138
822 591 1443 710 VIGL11mAYTTA
1478 588 1850 718 zutcuum

842 749 1417 912 vuuts‘rorm
1494 811 1710 911 xutv.

534 1023 677 1097 aaa.
802 1028 1142 1126 Ennsuo
1207 973 1821 1130 RoTuRODuMO·

717 1253 872 1369 Alagas
899 1258 1111 1344 creditores
1125 1255 1222 1371 suas
1254 1256 1369 1346 ladit
1426 1256 1575 1345 Soadiis
1628 1263 1689 1344 ais
1721 1257 1904 1368 sarrana

759 1368 848 1486 saa
874 1367 1073 1482 consulere
1106 1379 1226 1487 capit.
1283 1369 1356 1460 Da
1392 1367 1590 1485 Archiepi
1607 1391 1699 1486 copo
1733 1371 1905 1460 Canrua·

769 1480 889 1588 rienst
912 1483 1012 1598 qaid
1055 1479 1409 1684 Erasmhsparet.
1474 1480 1547 1570 Da
1574 1481 1789 1571 Zacharia
1817 1482 1904 1570 Da·

763 1597 915 1710 jararo,
949 1591 1181 1700 Honorino,
1257 1624 1379 1709 ayone
1410 1593 1630 1714 Caminga,
1656 1594 1903 1708 Hieronymo

770 1705 1015 1812 Aloandro,
1042 1704 1286 1820 Hieronymo
1321 1703 1429 1798 Vida
1447 1768 1474 1811 „
1488 1705 1660 1796 Romala
1688 1708 1904 1816 Amazoo,

770 1815 1059 1908 Bartholomao
1080 1817 1215 1908 Riccio
1242 1817 1299 1912 θ’θ’
1327 1818 1522 1914 Canonico
1548 1817 1733 1910 Zancho.
1904 1855 1907 1861 ·

712 2012 949 2180 LIteratum
965 2035 1101 2088 tuarum
1112 2013 1337 2102 fasciculum,
1352 1969 1552 2088 Daatfflme
1566 2015 1614 2090 D.
1626 2012 1758 2108 Erasme
1769 2069 1778 2104 ‚
1788 2017 1903 2091 reddi·

806 2131 882 2184 tum
909 2111 994 2182 mihi
1020 2107 1112 2194 ell'e,
1146 2134 1189 2184 ex
1210 2111 1394 2186 novistimis
1417 2111 1527 2186 literis
1550 2111 1635 2184 meis
1660 2111 1814 2186 constare
1837 2114 1901 2188 tibi

711 2206 839 2302 potuit.
887 2205 1007 2300 Aragos
1024 2205 1181 2278 nondum
1196 2207 1241 2284 ad
1260 2231 1324 2280 nos
1342 2205 1465 2290 rediit,
1490 2210 1690 2300 expellatur
1704 2211 1765 2284 diu
1781 2231 1801 2280 a
1816 2213 1912 2304 mul-¹

711 2305 777 2386 tis,
802 2323 872 2376 oon
896 2319 1029 2374 tantum
1048 2301 1275 2390 nostratibus,
1299 2299 1358 2374 sed
1382 2325 1402 2372 a
1424 2301 1560 2388 Bomio,
1589 2303 1768 2392 Bonamito,
1796 2324 1901 2400 atque

712 2397 787 2482 aliis
803 2396 941 2482 doliis,
965 2419 1112 2491 quorum
1128 2398 1189 2470 ltlc
1207 2397 1435 2470 familiaritate
1446 2395 1526 2474 usus
1545 2397 1618 2482 est,
1643 2398 1680 2473 &
1697 2399 1732 2472 in
1749 2423 1898 2493 quorum

710 2489 904 2566 rationibus
930 2513 1058 2566 nomen
1093 2491 1190 2566 suum
1220 2515 1286 2588 pro
1312 2489 1535 2586 mnentolyne
1563 2495 1623 2564 reli
1652 2495 1714 2564 uit.
1770 2494 1900 2570 Scribit

710 2605 823 2662 tamen
849 2589 1036 2680 aliquando
1063 2586 1107 2661 de
1131 2587 1363 2671 sacerdotiis,
1394 2587 1609 2659 conditionlb
1651 2609 1718 2680 que
1742 2591 1899 2685 amplill'r-

710 2685 803 2766 mis,
837 2704 944 2775 atque
973 2681 1138 2778 ejusmodi
1160 2679 1263 2755 futuis
1298 2681 1431 2756 interea
1455 2679 1560 2754 lactat
1589 2684 1790 2758 creditores.
1840 2684 1900 2758 Dc

708 2774 823 2855 studio
847 2777 943 2872 quod
961 2801 1080 2852 moues
1104 2774 1256 2852 fallurus
1284 2773 1377 2862 sum,
1402 2799 1471 2848 non
1495 2798 1533 2850 ut
1550 2779 1758 2866 valetudini,
1783 2778 1839 2852 sed
1861 2802 1901 2854 ut

708 2871 861 2948 fortunae
885 2871 1079 2961 consulam,
1105 2895 1147 2944 ac
1177 2875 1364 2948 amicorum
1394 2871 1499 2948 suffra
1525 2871 1565 2946 iis
1594 2892 1696 2960 utar,
1730 2873 1813 2946 dum
1847 2878 1898 2950 illi

712 2992 768 3046 me
793 2963 961 3062 adjuvare
985 2967 1022 3042 &
1044 2963 1184 3062 poliunt
1206 2965 1245 3040 ἃ
1277 2969 1436 3060 cupiunt.
1529 2969 1560 3039 ic
1585 2991 1695 3040 annus
1718 2971 1805 3042 mihi
1832 2969 1900 3044 fuit

710 3061 947 3156 submolestus.
995 3065 1197 3136 statumen
1218 3061 1369 3136 fructum
1396 3063 1469 3157 ejus
1500 3079 1571 3136 uon
1595 3067 1803 3138 mediocrem
1826 3065 1901 3140 sen·

711 3163 763 3234 tio
784 3157 972 3254 praesertim
997 3159 1033 3230 in
1052 3159 1337 3252 Jurisprudentia.
1386 3157 1625 3252 Antagonistae
1644 3160 1711 3233 mei
1732 3161 1900 3236 invidiam

713 3257 750 3334 δι
778 3260 947 3348 impetum
967 3253 1038 3346 jam
1064 3255 1257 3328 devoravi:
1291 3275 1487 3347 quanquam
1512 3253 1591 3324 sane
1613 3254 1794 3349 principia,
1816 3256 1901 3330 mihi

711 3351 807 3428 fuere
828 3347 1002 3431 difficilia,
1053 3345 1219 3422 taesartlm'
1235 3372 1305 3420 non
1323 3347 1453 3420 allueto
1474 3349 1586 3422 adhuc
1602 3347 1733 3424 Italicis
1752 3351 1897 3444 ingeniis

713 3448 752 3521 δι
768 3444 915 3518 technis.
949 3439 989 3512 ln
1064 3445 1278 3539 chlepiscopi
1300 3437 1551 3516 Cantuarienfis
1571 3445 1687 3516 locum
1709 3447 1812 3520 audio
1829 3447 1903 3520 suc·

713 3535 836 3619 celstlle
854 3540 1035 3632 quemdam
1064 3541 1123 3632 qui
1148 3538 1322 3632 superiore
1346 3561 1437 3612 anno
1457 3540 1551 3632 apud
1575 3538 1746 3614 Caesarem
1762 3539 1902 3632 lundlus

714 3637 764 3716 cll
788 3633 979 3730 legatione,
1005 3635 1041 3708 ἃ
1067 3657 1087 3705 a
1112 3633 1282 3730 plerisque
1309 3637 1568 3706 commendatur
1590 3632 1637 3704 ob
1654 3638 1902 3722 humanitatem

715 3729 755 3808 ἃ
780 3728 983 3804 docuinam.
1034 3727 1118 3803 Non
1145 3731 1266 3806 dubito
1291 3729 1376 3824 quin
1405 3731 1463 3802 llle
1487 3725 1718 3824 penfionem,
1751 3735 1814 3806 tibi
1839 3732 1903 3808 sal·

713 3849 795 3900 vam
817 3824 883 3898 elle
903 3821 1066 3910 curabit,
1090 3825 1196 3896 modo
1217 3821 1414 3898 admonitus
1437 3821 1540 3898 fuerit
1556 3853 1564 3899 :
1583 3823 1662 3898 ciam
1688 3827 1789 3902 etiam
1818 3827 1901 3925 Jure

715 3945 789 3997 earn
808 3921 944 4012 exigere
964 3939 1191 4013 procuratore
1220 3919 1406 3992 constituto
1425 3920 1539 4014 poffis.
1588 3921 1777 4018 Multoque
1799 3921 1902 4014 satius

714 4014 765 4094 est
773 4016 921 4110 aliquam
938 4031 1070 4106 partem
1087 4011 1373 4087 Procuratoribus
1390 4037 1554 4110 erogare,
1565 4039 1666 4110 quam
1678 4039 1787 4090 totam
1803 4021 1901 4103 amit·

713 4131 797 4188 tere.
847 4108 1037 4182 Zachariam
1055 4111 1247 4206 Dejotarum
1274 4107 1353 4204 (1)
1379 4133 1450 4185 uon
1465 4113 1572 4198 novi,
1597 4111 1658 4184 nili
1671 4136 1717 4186 ex
1735 4115 1803 4186 tuis
1825 4117 1901 4188 lite·

1839 4231 1899 4284 ru.

721 4359 731 4370 '
758 4357 823 4445 (1)
843 4357 1024 4426 Zachariam
1043 4357 1246 4446 Deiotarum]
1276 4357 1310 4426 le
1334 4371 1408 4428 erat
1434 4359 1581 4440 Fristus,
1610 4359 1731 4445 Erosml
1751 4359 1900 4430 famulus

712 4441 893 4530 aliquando
913 4441 950 4517 dr
969 4441 1179 4531 &apulum
1208 4459 1311 4531 quern
1334 4461 1354 4514 a
1377 4443 1540 4516 fidelitate
1563 4461 1605 4515 ac
1627 4441 1899 4596 praestitissltautl
