4680 5828
629 613 708 688 122
737 575 976 688 VIGLlI
1001 601 1073 678 An
1099 567 1363 677 AYTTA
1396 573 1774 680 ZUlCHEMI

629 808 696 891 ego
717 779 841 890 queam
856 781 1019 864 scrihere.
1067 775 1250 880 Expertus
1275 777 1483 860 antemium
1503 784 1582 860 ⁴illic
1606 787 1730 864 miram
1755 805 1839 889 erga

630 915 684 966 me
703 885 954 964 humanitatem
967 879 1015 955 D.
1040 879 1195 954 Muttito
1213 875 1325 954 Heldt.
1374 879 1410 954 la
1432 881 1595 957 hortatus
1618 885 1667 960 est
1685 883 1722 958 dt
1743 889 1841 985 adju·

634 1008 746 1062 torem
767 981 803 1056 se
821 979 969 1066 obtulit,
981 997 1022 1051 ut
1039 975 1085 1051 ad
1102 975 1290 1052 Camerata
1306 973 1447 1073 Imperii
1461 981 1615 1054 animum
1628 982 1840 1078 adjicerem,

567 1070 581 1085 '¹
636 1083 734 1180 quod
756 1078 919 1176 equidem
945 1073 1031 1148 milti
1056 1093 1129 1147 non
1154 1069 1383 1184 displiceret,
1418 1071 1443 1146 st
1468 1076 1630 1151 auderem
1650 1076 1841 1154 succeffum

637 1181 785 1276 sperate.
834 1174 910 1248 Scit
925 1167 1159 1247 adolescentes
1179 1171 1266 1243 mihi
1289 1165 1483 1246 commiffoe
1495 1175 1567 1268 iam
1585 1174 1623 1246 itt
1640 1176 1737 1248 viror
1759 1197 1842 1252 eva·

640 1287 752 1360 oete,
777 1293 843 1346 nec
865 1289 942 1344 mea
965 1267 1116 1364 amplius
1140 1263 1354 1342 institutione
1378 1267 1547 1366 indigere.
1598 1269 1647 1343 Et
1668 1295 1734 1368 ego
1756 1274 1844 1348 milri

640 1374 720 1447 setis
738 1369 800 1444 din
823 1368 862 1488 in
886 1363 1026 1479 Scholie
1048 1360 1204 1438 versatos
1228 1363 1363 1439 videor.
1415 1363 1466 1476 Eit
1483 1362 1736 1476 dispiciendum
1756 1371 1843 1445 mihi

641 1455 1844 1660 titheiafflterhiihniii,llilihhth

642 1662 721 1737 satis
740 1659 901 1734 calleam:
925 1651 985 1728 sed
1008 1673 1124 1726 tamen
1140 1675 1216 1729 eam
1231 1650 1386 1729 exaetiuu
1403 1653 1533 1729 discere
1557 1679 1629 1730 non
1655 1681 1841 1754 gravarer,

643 1759 668 1834 st
687 1759 781 1833 bona
795 1750 937 1828 fortuna
957 1749 1087 1826 alicubi
1102 1747 1171 1825 sese
1189 1745 1344 1826 offerret.
1382 1749 1605 1826 Alless'otinm
1634 1771 1758 1830 mnn'ue
1785 1778 1845 1829 ne-

644 1855 716 1932 scio
729 1877 775 1928 an
797 1848 889 1925 serre
907 1843 1058 1945 pollen:
1082 1865 1198 1922 tamen
1250 1869 1290 1920 ro
1314 1847 1407 1922 virili
1423 1850 1594 1937 eniterer,
1619 1845 1742 1946 liquit
1758 1851 1846 1927 tanti

643 1952 679 2027 se
701 1945 862 2029 beneficii
884 1947 1065 2020 authorem
1084 1943 1209 2016 mihio
1239 1964 1348 2019 erret:
1373 1967 1430 2019 me
1452 1944 1533 2020 sane
1551 1967 1689 2042 gratum
1715 1967 1845 2022 memo·

644 2071 788 2144 temque
806 2043 941 2140 semper
957 2037 1041 2116 effer
1057 2038 1253 2114 habituros.
1303 2037 1375 2116 Sed
1399 2039 1443 2114 de
1460 2043 1531 2116 hoc
1546 2046 1667 2140 plotae
1682 2041 1708 2117 fi
1722 2047 1847 2121 videto

645 2165 682 2236 te
700 2167 773 2218 uon
788 2139 926 2238 gravari
948 2155 1046 2211 tuum
1069 2136 1157 2210 mihi
1180 2139 1217 2210 in
1238 2137 1307 2210 hae
1337 2137 1561 2212 dubitatione
1579 2139 1760 2216 confilium
1781 2143 1847 2213 im·

644 2240 778 2339 pertiti
829 2233 917 2310 Vale
941 2234 1070 2308 Cielere
1090 2251 1238 2329 patrone
1257 2231 1344 2308 mihi
1357 2233 1494 2333 semper
1515 2237 1757 2314 colendiliime.
1780 2237 1847 2312 Pa-

647 2338 734 2414 tavii
759 2357 814 2411 to.
838 2329 1022 2408 Februarii
1040 2350 1144 2425 1533.

472 2577 597 2642 nere
800 2525 1693 2675 EPISTOEA'·XXXIX.

472 2679 521 2724 tuo
535 2657 579 2719 11.

474 2737 528 2800 tot.
551 2747 616 2813 177·
648 2735 1067 2860 LEONARD'O
1119 2733 1711 2888 [Α’ᾸΑΝΕὶι11ΞΜΑΝΤΕΙ4
1750 2759 1848 2871 (1).

492 3045 595 3121 ¹533·
650 2989 880 3110 Eleganter
904 2957 1060 3098 expetit
1081 2959 1289 3070 Leonem
1315 2981 1532 3064 amicitiam
1559 3007 1608 3101 ete
1634 2979 1853 3072 literarum

708 3105 1012 3194 commercium·
1055 3090 1244 3184 Fratrem
1280 3085 1470 3177 Ulricem
1500 3091 1668 3181 extollit.
1731 3097 1857 3186 Cere

710 3219 774 3306 lus
803 3213 1022 3328 Sueqeetes
1057 3231 1135 3324 qee
1174 3206 1241 3292 elie
1269 3223 1438 3296 mertem
1475 3202 1581 3296 obiit.
1650 3207 1803 3300 Statuit
1831 3239 1856 3326 e

660 3423 662 3431 ,
688 3329 839 3452 fidele
867 3331 908 3414 itt
954 3347 1068 3419 ortem
1087 3321 1264 3436 prodire.
1411 3322 1435 3345 “·
1481 3339 1484 3349 ·

657 3551 816 3726 Clito
841 3572 913 3626 tam
939 3543 1155 3623 familiariter
1178 3536 1336 3642 quotidie
1358 3531 1468 3614 fratre
1493 3562 1557 3618 tuo
1575 3563 1654 3620 utar
1669 3543 1857 3650 fruarque,

765 3643 926 3726 Leunotde
942 3640 1169 3727 ornatiffime,
1194 3660 1266 3710 non
1288 3636 1391 3733 potui
1418 3639 1600 3732 omittere,
1626 3647 1713 3740 quin
1738 3669 1857 3728 recum

514 3795 518 3806 .
658 3753 762 3828 etiam
778 3739 967 3840 aliquando
982 3739 1219 3832 colloquerer,
1243 3729 1434 3832 praesertim
1451 3731 1529 3814 ctitu
1548 3759 1586 3812 tu
1602 3741 1689 3816 mihi
1703 3745 1859 3841 aliquan·

659 3853 706 3926 do
721 3846 814 3922 uitur
830 3841 872 3916 sta
900 3857 1010 3912 meam
1035 3830 1221 3908 amicitiam
1246 3853 1319 3904 non
1338 3850 1561 3908 contemnere
1574 3859 1586 3919 3
1610 3831 1648 3907 &
1672 3864 1690 3912 e
1716 3865 1739 3915 0
1762 3863 1858 3920 tuam

660 3937 806 4022 lludiose
820 3936 954 4031 semper
970 3929 1194 4012 ambivetim,
1218 3949 1290 4000 non
1309 3923 1417 4001 modd
1428 3925 1550 4030 officiis
1566 3935 1655 4020 tois,
1680 3865 1738 4010 lid
1754 3939 1859 4014 etiam

658 4037 846 4118 virtutibus
866 4047 1094 4130 provocatus.
1141 4019 1238 4098 Nam
1258 4023 1495 4120 integritatem
1517 4023 1554 4100 &
1574 4032 1763 4106 candorem
1781 4037 1859 4130 qui·

1787 4131 1855 4204 bns

701 4288 768 4406 (i)
790 4281 946 4398 Detrutdo
967 4275 1267 4445 LuofieozetttelJstl't
1288 4273 1540 4394 rumperemus
1561 4295 1862 4450 Affiustfflsssein'

656 4388 947 4548 titularii
959 4377 1857 4564 helthtethhihllalhthgpt
