4680 5828
631 677 688 776 μ
747 635 1802 820 urrannarrarumtzureunnrr2

575 887 581 898 ⁴
625 871 706 942 tur,
731 850 793 946 qui
808 846 922 922 isthuc
946 847 1108 921 veniant:
1134 865 1215 920 eum
1237 865 1319 920 ecce
1345 845 1391 920 ad
1414 869 1469 920 me
1492 848 1576 924 alias
1603 865 1705 936 tuas,
1728 867 1826 926 vete-

626 953 738 1059 riores
754 944 1015 1056 quidem-quim
1036 941 1167 1110 puibus
1190 941 1366 1053 uovissime
1385 939 1648 1055 reiponuqfam,
1672 945 1727 1020 sed
1746 968 1837 1042 quae.

627 1047 665 1119 in
686 1064 808 1118 ttrnere
825 1041 953 1114 druuus
977 1036 1036 1112 sub
1053 1035 1207 1111 edrffent.
1242 1035 1331 1132 Agra
1351 1057 1387 1110 tn
1403 1059 1454 1113 ers
1476 1043 1562 1112 nubi
1579 1061 1739 1114 accurata
1757 1064 1828 1114 rne·

629 1142 806 1234 ditataque
822 1137 979 1210 oratione
993 1133 1146 1230 gratias,
1169 1134 1268 1302 paud
1286 1153 1321 1207 te
1336 1132 1513 1209 absentem
1531 1158 1643 1209 amare
1659 1158 1832 1231 pergam·²

628 1239 766 1332 hacque
776 1237 812 1306 in
827 1232 1083 1326 reeloquentiae
1101 1249 1172 1320 tuae
1195 1249 1297 1303 ontes
1314 1252 1435 1303 omnes
1449 1229 1649 1326 profundis.
1674 1232 1733 1306 Ad
1749 1235 1828 1306 haec

629 1353 698 1426 ego
714 1331 867 1405 breviter
883 1326 1094 1494 respondeo:
1120 1325 1219 1422 qubd
1234 1345 1274 1420 xte
1299 1348 1430 1412 amem,
1455 1325 1494 1398 δι
1522 1328 1647 1402 lubens
1667 1329 1836 1402 omnibus.

630 1426 754 1501 officiis
778 1423 839 1496 srm
863 1445 930 1520 pru
945 1442 1157 1518 equuturut,
1180 1423 1305 1511 merito
1331 1421 1369 1494 id
1394 1445 1449 1496 me
1473 1443 1535 1496 tuo
1562 1421 1688 1498 faeere.
1738 1423 1832 1498 Gra·

629 1528 695 1600 aas
722 1527 814 1596 hanc
832 1520 879 1593 ob
897 1541 972 1592 rem
996 1518 1081 1592 mibi
1099 1520 1189 1596 ullas
1203 1541 1274 1590 non
1291 1516 1410 1592 deberi
1425 1515 1520 1605 scio,
1545 1517 1606 1593 sed
1629 1517 1741 1595 solum
1755 1543 1831 1594 mu-

630 1641 730 1696 tuum
745 1629 918 1696 amorem:
945 1617 1042 1710 quod
1062 1633 1098 1686 te
1115 1612 1276 1708 praestare
1305 1635 1372 1686 nec
1394 1615 1552 1690 dubitavi
1580 1638 1764 1712 umquam,
1792 1618 1832 1692 &

631 1717 742 1811 magis
757 1710 932 1807 magisque
950 1711 1063 1784 indies
1080 1707 1270 1804 cognosco.
1315 1706 1373 1782 De
1392 1708 1669 1786 Patauienfihoc
1688 1714 1832 1808 negotio

631 1807 751 1908 seripfi
769 1813 814 1882 ad
831 1831 866 1882 te
880 1806 1057 1904 prioribus
1074 1806 1199 1892 literis,
1224 1804 1425 1898 iccirtbque
1445 1827 1517 1879 non
1532 1806 1683 1881 arbitror
1709 1829 1831 1903 operae
1904 1875 1910 1886 .

632 1910 785 2006 pretium
807 1905 950 1978 eandem
978 1902 1092 1976 adhuc
1118 1899 1325 1976 cantilenam
1355 1923 1490 1976 canere.
1540 1899 1623 1998 Ego
1647 1927 1720 1978 non
1741 1904 1832 1976 arbi·

634 2025 710 2084 uror
726 2025 770 2076 ert
798 2024 837 2073 re
862 2021 939 2073 mea
961 1995 1057 2087 ess'e,
1081 1996 1226 2071 minoris
1259 2019 1401 2092 operam
1426 2000 1463 2070 in
1486 2020 1562 2072 eam
1585 2001 1703 2073 locare
1726 1997 1833 2096 quam

634 2099 805 2184 millenia,
831 2096 879 2176 &A
906 2095 1050 2190 quidem
1082 2091 1294 2190 equestribus
1323 2101 1459 2187 xennia.
1516 2091 1670 2171 Tametfi
1696 2091 1735 2169 δι
1759 2117 1834 2172 non

636 2196 725 2270 adeo
745 2193 864 2265 bacin
885 2213 922 2265 re
949 2187 1011 2261 srrn
1033 2189 1258 2275 obstinatur,
1284 2195 1370 2284 quin
1394 2191 1512 2265 amicis
1534 2189 1659 2265 dedam
1686 2214 1832 2279 manus,

635 2291 696 2366 sed
723 2291 788 2362 vix
809 2287 858 2359 est
884 2305 923 2360 ut
942 2288 1023 2361 hoc·
1043 2309 1136 2360 anno
1160 2288 1330 2360 extricare
1356 2311 1412 2362 me
1436 2288 1479 2361 ab
1503 2285 1597 2360 hisee
1622 2287 1840 2363 vervecibusx

663 2386 756 2461 offim
786 2380 846 2455 nist
866 2383 964 2480 quod
992 2379 1156 2456 haetenus
1173 2377 1352 2470 fecerunt,
1378 2384 1495 2458 adhuc
1513 2383 1842 2477 procrastinentur„

635 2410 675 2557 Ξι
703 2481 788 2554 mibi
815 2497 901 2554 ante·
926 2480 1086 2574 proxima
1112 2475 1286 2575 Diouyfia
1314 2503 1387 2553 non
1417 2478 1546 2552 faciant
1574 2476 1666 2551 fatis.
1716 2479 1772 2551 Eo
1795 2480 1842 2551 in,

638 2577 716 2654 casu
742 2580 783 2649 in
794 2573 926 2650 Italiam
941 2595 1152 2662 reverterer,
1178 2571 1459 2670 commodiusque
1472 2567 1718 2667 pertraCtarem
1736 2575 1841 2668 quoti

638 2673 811 2770 agendum
837 2668 898 2742 est.
956 2669 1080 2759 Quare
1111 2692 1178 2743 voa
1207 2671 1346 2742 interim
1379 2670 1489 2744 nolite
1519 2669 1591 2741 istit
1614 2669 1831 2764 praecidere,

638 2771 698 2859 sed
722 2767 840 2864 quoad
864 2766 1031 2858 ejuafieri
1050 2767 1204 2862 poterit,
1228 2789 1299 2838 rem
1315 2765 1498 2846 sustinete,
1523 2763 1584 2860 spe
1600 2767 1694 2839 alite.
1720 2765 1840 2862 Quod'¹

640 2867 792 2940 Claudius
811 2863 1018 2955 Ptntingerrts
1044 2865 1114 2956 (3)
1138 2865 1253 2933 aCato
1278 2862 1351 2958 (4)
1375 2861 1519 2956 inii'gnia
1539 2859 1746 2957 susceperit,
1771 2866 1834 2937 mi-

638 2966 676 3038 hi
700 2962 839 3057 quidem
866 2981 936 3030 non
962 2960 1075 3030 minus
1093 2955 1287 3050 jucundum
1311 2957 1389 3033 fere
1417 2957 1487 3046 est,
1513 2959 1618 3053 quarn
1643 2956 1668 3032 fi
1694 2958 1738 3031 de
1757 2983 1838 3034 mea

641 3081 746 3137 manu
808 3055 891 3129 Scia
914 3056 1006 3128 enim
1030 3055 1116 3126 mibi
1150 3075 1229 3127 curn
1253 3051 1330 3150 ipso
1365 3056 1448 3127 Cato.
1466 3051 1532 3126 effe
1556 3077 1628 3128 non
1652 3058 1844 3150 uulgarem

642 3155 838 3230 amicitiam.
889 3149 1066 3245 Cuperem
1094 3147 1173 3223 cbrn
1194 3147 1303 3223 isthac
1327 3149 1457 3224 transsit
1479 3171 1519 3224 ut
1546 3151 1583 3222 in
1608 3149 1834 3226 Germaniam

641 3268 896 3334 reverteretur,
919 3249 952 3318 ei
981 3250 1027 3318 D.
1053 3245 1236 3334 &anricus
1258 3245 1641 3322 errataEmblematum
1664 3245 1740 3344 (5)
1765 3269 1835 3329 tra.-

647 3341 781 3434 riidiffet
800 3367 817 3424 ι,
841 3362 881 3416 ut
906 3340 1087 3440 impreffor
1115 3338 1245 3426 tametsi
1270 3340 1347 3425 serti
1377 3345 1574 3426 emendaret
1597 3363 1731 3428 tamen,
1754 3367 1840 3440 qum

1713 3463 1836 3538 magna

647 3615 1845 3800 «ιῇὲέἷῇἴὶἒὲῗῖξῶἒὲἕῗριέἴὶἒὲἰέἳὲἑιέἑἙὲι-ἶὲῗιῗῑῙξῧῖἰὲἔᾌὲἳῖ-

647 3789 880 3966 hoffietsffutp]
902 3867 981 3934 Nec
1005 3865 1098 3934 hunc
1120 3870 1250 3963 reperit
1270 3868 1417 3936 Sabatina.
1457 3869 1634 3937 Ladtor'rus
1660 3870 1758 3937 Cotus
1773 3839 1836 3938 doe

648 3969 723 4024 tuat
734 3955 769 4018 in
780 3951 1010 4020 Universrtate
1021 3951 1242 4032 Ferrartensr,
1256 3951 1292 4020 δι
1305 3952 1384 4018 'uris
1397 3953 1570 4035 utriusque
1586 3955 1735 4020 lauream
1750 3971 1836 4019 con·

649 4037 729 4101 tulit
750 4035 876 4101 Claudio
898 4034 1072 4114 Peutr'ngero
1096 4051 1136 4098 ac
1168 4035 1288 4101 Leonar
1344 4035 1590 4118 Langrmorttello
1613 4037 1850 4121 Augustanis„

653 4107 948 4218 {figat-sodalibus.
993 4115 1132 4262 Seripfit
1152 4118 1300 4216 librum,
1321 4115 1436 4184 neseio
1458 4137 1583 4214 quern,
1603 4119 1652 4212 ad·
1662 4119 1850 4196 Alcimum„

651 4215 787 4274 cuman
805 4199 916 4275 Gallia
936 4199 1044 4264 Ducis
1098 4203 1290 4278 errarrensrs
1318 4200 1418 4283 apud.
1436 4199 1753 4272 Cbrrstrantffimum.
1768 4203 1835 4268 Re-

650 4301 729 4372 gem
749 4281 881 4350 Orator
903 4279 994 4348 effet.
1036 4280 1206 4368 Seripsrffe
1229 4287 1369 4358 testatur
1401 4282 1521 4366 Viglr'us
1543 4281 1721 4365 Epistolar.
1749 4298 1834 4352 torn.

648 4385 680 4450 Q
690 4384 894 4546 (1³5²)3E2rcrgta
924 4446 1165 4603 ΕιῃὸΙειηαιιιιηᾶ
1194 4451 1283 4517 Haec
1308 4449 1513 4516 emblemata
1537 4448 1652 4600 maffini
1674 4443 1846 4540 aestimata„

644 4530 723 4616 liant
741 4553 764 4610 a
780 4549 863 4610 vans
883 4531 1002 4612 debu.
1040 4533 1114 4630 Jul.
1162 4535 1212 4630 oes,
1239 4531 1391 4620 Scaliger,
1426 4550 1497 4602 non
1515 4549 1582 4627 pro
1618 4549 1681 4628 gus
1708 4529 1851 4682 laudab,
