<?xml version="1.0" encoding="UTF-8"?>
<!DOCTYPE html PUBLIC "-//W3C//DTD XHTML 1.0 Transitional//EN"
    "http://www.w3.org/TR/xhtml1/DTD/xhtml1-transitional.dtd">
<html xmlns="http://www.w3.org/1999/xhtml" xml:lang="en" lang="en">
 <head>
  <title>
</title>
<meta http-equiv="Content-Type" content="text/html;charset=utf-8" />
  <meta name='ocr-system' content='tesseract 3.04.00' />
  <meta name='ocr-capabilities' content='ocr_page ocr_carea ocr_par ocr_line ocrx_word'/>
</head>
<body>
  <div class='ocr_page' id='page_1' title='image "./vitavigliiabayt00ayttgoog_0407.png"; bbox 0 0 4612 5850; ppageno 0'>
   <div class='ocr_carea' id='block_1_1' title="bbox 635 603 1781 730">
    <p class='ocr_par' dir='ltr' id='par_1_1' title="bbox 635 603 1781 730">
     <span class='ocr_line' id='line_1_1' title="bbox 635 603 1781 730; baseline -0.003 -27"><span class='ocrx_word' id='word_1_1' title='bbox 635 639 721 730; x_wconf 65' lang='lat'>332</span> <span class='ocrx_word' id='word_1_2' title='bbox 750 607 985 714; x_wconf 78' lang='lat' dir='ltr'>vroun</span> <span class='ocrx_word' id='word_1_3' title='bbox 1012 631 1081 700; x_wconf 73' lang='lat' dir='ltr'>m</span> <span class='ocrx_word' id='word_1_4' title='bbox 1110 603 1365 700; x_wconf 68' lang='lat' dir='ltr'>numa</span> <span class='ocrx_word' id='word_1_5' title='bbox 1407 603 1781 720; x_wconf 74' lang='lat' dir='ltr'>zulemam</span> 
     </span>
    </p>
   </div>
   <div class='ocr_carea' id='block_1_2' title="bbox 640 798 1853 2729">
    <p class='ocr_par' dir='ltr' id='par_1_2' title="bbox 640 798 1853 2729">
     <span class='ocr_line' id='line_1_2' title="bbox 641 798 1842 902; baseline 0.002 -21"><span class='ocrx_word' id='word_1_6' title='bbox 641 804 772 882; x_wconf 86' lang='lat' dir='ltr'>scilicet</span> <span class='ocrx_word' id='word_1_7' title='bbox 795 804 907 902; x_wconf 87' lang='lat' dir='ltr'>probe</span> <span class='ocrx_word' id='word_1_8' title='bbox 931 798 1121 876; x_wconf 81' lang='lat' dir='ltr'>observass&#39;e</span> <span class='ocrx_word' id='word_1_9' title='bbox 1147 803 1244 898; x_wconf 92' lang='lat' dir='ltr'>quod</span> <span class='ocrx_word' id='word_1_10' title='bbox 1264 823 1338 876; x_wconf 90' lang='lat' dir='ltr'>tum</span> <span class='ocrx_word' id='word_1_11' title='bbox 1362 800 1414 878; x_wconf 88' lang='lat' dir='ltr'>sus</span> <span class='ocrx_word' id='word_1_12' title='bbox 1436 799 1532 900; x_wconf 91' lang='lat' dir='ltr'>quod</span> <span class='ocrx_word' id='word_1_13' title='bbox 1550 800 1680 876; x_wconf 89' lang='lat' dir='ltr'>dicitnr</span> <span class='ocrx_word' id='word_1_14' title='bbox 1697 805 1842 882; x_wconf 57' lang='lat' dir='ltr'>Mirter‘¹</span> 
     </span>
     <span class='ocr_line' id='line_1_3' title="bbox 640 899 1836 994; baseline 0.001 -16"><span class='ocrx_word' id='word_1_15' title='bbox 640 927 723 978; x_wconf 90' lang='lat' dir='ltr'>vam</span> <span class='ocrx_word' id='word_1_16' title='bbox 740 899 946 984; x_wconf 90' lang='lat' dir='ltr'>monebam,</span> <span class='ocrx_word' id='word_1_17' title='bbox 970 923 1041 974; x_wconf 91' lang='lat' dir='ltr'>non</span> <span class='ocrx_word' id='word_1_18' title='bbox 1068 920 1200 972; x_wconf 87' lang='lat' dir='ltr'>tantum</span> <span class='ocrx_word' id='word_1_19' title='bbox 1227 918 1265 970; x_wconf 93' lang='lat' dir='ltr'>ut</span> <span class='ocrx_word' id='word_1_20' title='bbox 1291 920 1346 974; x_wconf 85' lang='lat' dir='ltr'>res</span> <span class='ocrx_word' id='word_1_21' title='bbox 1366 903 1438 994; x_wconf 85' lang='lat' dir='ltr'>ejus</span> <span class='ocrx_word' id='word_1_22' title='bbox 1465 901 1659 994; x_wconf 84' lang='lat' dir='ltr'>argumenti</span> <span class='ocrx_word' id='word_1_23' title='bbox 1676 903 1721 976; x_wconf 88' lang='lat' dir='ltr'>ad</span> <span class='ocrx_word' id='word_1_24' title='bbox 1739 902 1836 978; x_wconf 83' lang='lat' dir='ltr'>usum</span> 
     </span>
     <span class='ocr_line' id='line_1_4' title="bbox 641 993 1841 1163; baseline 0 -91"><span class='ocrx_word' id='word_1_25' title='bbox 641 997 823 1097; x_wconf 80' lang='lat' dir='ltr'>publicum</span> <span class='ocrx_word' id='word_1_26' title='bbox 845 999 1087 1071; x_wconf 84' lang='lat' dir='ltr'>accommodas</span> <span class='ocrx_word' id='word_1_27' title='bbox 1113 995 1297 1163; x_wconf 61' lang='lat' dir='ltr'>dilqgenter</span> <span class='ocrx_word' id='word_1_28' title='bbox 1324 993 1491 1092; x_wconf 84' lang='lat' dir='ltr'>deligeres</span> <span class='ocrx_word' id='word_1_29' title='bbox 1507 1023 1532 1079; x_wconf 79' lang='grc' dir='ltr'>,ι</span> <span class='ocrx_word' id='word_1_30' title='bbox 1549 993 1610 1068; x_wconf 84' lang='lat' dir='ltr'>sed</span> <span class='ocrx_word' id='word_1_31' title='bbox 1633 993 1722 1092; x_wconf 81' lang='lat' dir='ltr'>ipsas</span> <span class='ocrx_word' id='word_1_32' title='bbox 1748 1024 1841 1095; x_wconf 88' lang='lat' dir='ltr'>quo·</span> 
     </span>
     <span class='ocr_line' id='line_1_5' title="bbox 644 1090 1838 1194; baseline 0.003 -26"><span class='ocrx_word' id='word_1_33' title='bbox 644 1119 712 1194; x_wconf 91' lang='lat' dir='ltr'>que</span> <span class='ocrx_word' id='word_1_34' title='bbox 736 1091 783 1167; x_wconf 86' lang='lat' dir='ltr'>stc</span> <span class='ocrx_word' id='word_1_35' title='bbox 801 1095 1043 1180; x_wconf 84' lang='lat' dir='ltr'>distribueres,</span> <span class='ocrx_word' id='word_1_36' title='bbox 1070 1111 1109 1164; x_wconf 92' lang='lat' dir='ltr'>ut</span> <span class='ocrx_word' id='word_1_37' title='bbox 1129 1093 1203 1187; x_wconf 80' lang='lat' dir='ltr'>ipa</span> <span class='ocrx_word' id='word_1_38' title='bbox 1221 1090 1381 1166; x_wconf 69' lang='lat' dir='ltr'>tractatio</span> <span class='ocrx_word' id='word_1_39' title='bbox 1407 1092 1551 1188; x_wconf 85' lang='lat' dir='ltr'>gratiam</span> <span class='ocrx_word' id='word_1_40' title='bbox 1569 1091 1720 1187; x_wconf 84' lang='lat' dir='ltr'><strong>aliquam</strong></span> <span class='ocrx_word' id='word_1_41' title='bbox 1735 1097 1838 1192; x_wconf 88' lang='lat' dir='ltr'>operi</span> 
     </span>
     <span class='ocr_line' id='line_1_6' title="bbox 642 1187 1838 1288; baseline -0.002 -20"><span class='ocrx_word' id='word_1_42' title='bbox 642 1210 847 1288; x_wconf 86' lang='lat' dir='ltr'>apponeret.</span> <span class='ocrx_word' id='word_1_43' title='bbox 907 1187 997 1263; x_wconf 77' lang='lat' dir='ltr'>Ciam</span> <span class='ocrx_word' id='word_1_44' title='bbox 1031 1188 1121 1260; x_wconf 89' lang='lat' dir='ltr'>enim</span> <span class='ocrx_word' id='word_1_45' title='bbox 1155 1207 1301 1282; x_wconf 87' lang='lat' dir='ltr'>propter</span> <span class='ocrx_word' id='word_1_46' title='bbox 1330 1187 1561 1282; x_wconf 84' lang='lat' dir='ltr'>Legationum</span> <span class='ocrx_word' id='word_1_47' title='bbox 1595 1191 1838 1284; x_wconf 81' lang='lat' dir='ltr'>quotidianum</span> 
     </span>
     <span class='ocr_line' id='line_1_7' title="bbox 643 1283 1840 1383; baseline 0 -21"><span class='ocrx_word' id='word_1_48' title='bbox 643 1289 767 1372; x_wconf 88' lang='lat' dir='ltr'>usum,</span> <span class='ocrx_word' id='word_1_49' title='bbox 801 1284 903 1362; x_wconf 90' lang='lat' dir='ltr'>multi</span> <span class='ocrx_word' id='word_1_50' title='bbox 927 1287 963 1358; x_wconf 92' lang='lat' dir='ltr'>id</span> <span class='ocrx_word' id='word_1_51' title='bbox 990 1303 1107 1376; x_wconf 87' lang='lat' dir='ltr'>opus,</span> <span class='ocrx_word' id='word_1_52' title='bbox 1131 1283 1193 1355; x_wconf 93' lang='lat' dir='ltr'>ubi</span> <span class='ocrx_word' id='word_1_53' title='bbox 1219 1285 1255 1354; x_wconf 90' lang='lat' dir='ltr'>in</span> <span class='ocrx_word' id='word_1_54' title='bbox 1284 1283 1466 1378; x_wconf 81' lang='lat' dir='ltr'>publicum</span> <span class='ocrx_word' id='word_1_55' title='bbox 1492 1284 1671 1374; x_wconf 75' lang='lat' dir='ltr'>exiver&#39;ir,</span> <span class='ocrx_word' id='word_1_56' title='bbox 1704 1293 1840 1383; x_wconf 60' lang='lat' dir='ltr'>expeti*</span> 
     </span>
     <span class='ocr_line' id='line_1_8' title="bbox 644 1375 1839 1473; baseline 0.001 -15"><span class='ocrx_word' id='word_1_57' title='bbox 644 1387 712 1458; x_wconf 90' lang='lat' dir='ltr'>turi</span> <span class='ocrx_word' id='word_1_58' title='bbox 749 1380 843 1467; x_wconf 85' lang='lat' dir='ltr'>fint,</span> <span class='ocrx_word' id='word_1_59' title='bbox 885 1383 1142 1473; x_wconf 86' lang='lat' dir='ltr'>multorumque</span> <span class='ocrx_word' id='word_1_60' title='bbox 1177 1375 1368 1452; x_wconf 82' lang='lat' dir='ltr'>subiturum</span> <span class='ocrx_word' id='word_1_61' title='bbox 1400 1377 1616 1466; x_wconf 83' lang='lat' dir='ltr'>censuram,</span> <span class='ocrx_word' id='word_1_62' title='bbox 1650 1405 1692 1455; x_wconf 87' lang='lat' dir='ltr'>ac</span> <span class='ocrx_word' id='word_1_63' title='bbox 1719 1407 1839 1459; x_wconf 86' lang='lat' dir='ltr'>eorum</span> 
     </span>
     <span class='ocr_line' id='line_1_9' title="bbox 642 1463 1853 1570; baseline -0.002 -15"><span class='ocrx_word' id='word_1_64' title='bbox 642 1478 720 1555; x_wconf 72' lang='lat' dir='ltr'>ferd</span> <span class='ocrx_word' id='word_1_65' title='bbox 746 1481 942 1562; x_wconf 81' lang='lat' dir='ltr'>hominum,</span> <span class='ocrx_word' id='word_1_66' title='bbox 968 1473 1030 1570; x_wconf 88' lang='lat' dir='ltr'>qui</span> <span class='ocrx_word' id='word_1_67' title='bbox 1053 1473 1088 1546; x_wconf 91' lang='lat' dir='ltr'>in</span> <span class='ocrx_word' id='word_1_68' title='bbox 1112 1473 1309 1570; x_wconf 85' lang='lat' dir='ltr'>Republica</span> <span class='ocrx_word' id='word_1_69' title='bbox 1326 1475 1523 1570; x_wconf 85' lang='lat' dir='ltr'>prudentiae</span> <span class='ocrx_word' id='word_1_70' title='bbox 1538 1477 1706 1570; x_wconf 87' lang='lat' dir='ltr'>opinione</span> <span class='ocrx_word' id='word_1_71' title='bbox 1726 1463 1853 1556; x_wconf 79' lang='lat' dir='ltr'>encel-¹</span> 
     </span>
     <span class='ocr_line' id='line_1_10' title="bbox 644 1569 1838 1668; baseline 0.001 -18"><span class='ocrx_word' id='word_1_72' title='bbox 644 1580 740 1660; x_wconf 88' lang='lat' dir='ltr'>lunt,</span> <span class='ocrx_word' id='word_1_73' title='bbox 765 1577 835 1648; x_wconf 91' lang='lat' dir='ltr'>hoc</span> <span class='ocrx_word' id='word_1_74' title='bbox 855 1573 962 1668; x_wconf 85' lang='lat' dir='ltr'>magis</span> <span class='ocrx_word' id='word_1_75' title='bbox 986 1569 1182 1646; x_wconf 84' lang='lat' dir='ltr'>conandum</span> <span class='ocrx_word' id='word_1_76' title='bbox 1202 1571 1280 1662; x_wconf 89' lang='lat' dir='ltr'>est,</span> <span class='ocrx_word' id='word_1_77' title='bbox 1304 1595 1344 1646; x_wconf 92' lang='lat' dir='ltr'>ut</span> <span class='ocrx_word' id='word_1_78' title='bbox 1369 1575 1514 1667; x_wconf 81' lang='lat' dir='ltr'>plenum</span> <span class='ocrx_word' id='word_1_79' title='bbox 1538 1595 1661 1646; x_wconf 87' lang='lat' dir='ltr'>eorum</span> <span class='ocrx_word' id='word_1_80' title='bbox 1688 1600 1838 1656; x_wconf 86' lang='lat' dir='ltr'>mereare</span> 
     </span>
     <span class='ocr_line' id='line_1_11' title="bbox 644 1665 1838 1766; baseline 0.001 -21"><span class='ocrx_word' id='word_1_81' title='bbox 644 1670 855 1766; x_wconf 84' lang='lat' dir='ltr'>suffragium.</span> <span class='ocrx_word' id='word_1_82' title='bbox 915 1668 1025 1762; x_wconf 91' lang='lat' dir='ltr'>Quod</span> <span class='ocrx_word' id='word_1_83' title='bbox 1054 1667 1251 1760; x_wconf 88' lang='lat' dir='ltr'>tequidem</span> <span class='ocrx_word' id='word_1_84' title='bbox 1278 1666 1543 1744; x_wconf 87' lang='lat' dir='ltr'>consecuturum</span> <span class='ocrx_word' id='word_1_85' title='bbox 1568 1665 1665 1755; x_wconf 84' lang='lat' dir='ltr'>effe,</span> <span class='ocrx_word' id='word_1_86' title='bbox 1698 1697 1769 1748; x_wconf 92' lang='lat' dir='ltr'>non</span> <span class='ocrx_word' id='word_1_87' title='bbox 1794 1697 1838 1756; x_wconf 81' lang='lat' dir='ltr'>cx</span> 
     </span>
     <span class='ocr_line' id='line_1_12' title="bbox 644 1761 1838 1861; baseline -0.002 -19"><span class='ocrx_word' id='word_1_88' title='bbox 644 1769 710 1842; x_wconf 86' lang='lat' dir='ltr'>isto</span> <span class='ocrx_word' id='word_1_89' title='bbox 735 1786 865 1840; x_wconf 88' lang='lat' dir='ltr'>tantum</span> <span class='ocrx_word' id='word_1_90' title='bbox 889 1768 933 1838; x_wconf 88' lang='lat' dir='ltr'>ad</span> <span class='ocrx_word' id='word_1_91' title='bbox 962 1789 1015 1837; x_wconf 90' lang='lat' dir='ltr'>me</span> <span class='ocrx_word' id='word_1_92' title='bbox 1040 1761 1136 1836; x_wconf 84' lang='lat' dir='ltr'>miffo</span> <span class='ocrx_word' id='word_1_93' title='bbox 1157 1761 1340 1850; x_wconf 83' lang='lat' dir='ltr'>Elench0,</span> <span class='ocrx_word' id='word_1_94' title='bbox 1364 1763 1424 1842; x_wconf 80' lang='lat' dir='ltr'>sed</span> <span class='ocrx_word' id='word_1_95' title='bbox 1452 1787 1495 1839; x_wconf 85' lang='lat' dir='ltr'>ex</span> <span class='ocrx_word' id='word_1_96' title='bbox 1515 1766 1671 1861; x_wconf 86' lang='lat' dir='ltr'><strong>plurimis</strong></span> <span class='ocrx_word' id='word_1_97' title='bbox 1699 1769 1838 1851; x_wconf 80' lang='lat' dir='ltr'>cerrissi·</span> 
     </span>
     <span class='ocr_line' id='line_1_13' title="bbox 644 1859 1838 1954; baseline -0.001 -16"><span class='ocrx_word' id='word_1_98' title='bbox 644 1867 710 1938; x_wconf 86' lang='lat' dir='ltr'>mis</span> <span class='ocrx_word' id='word_1_99' title='bbox 739 1863 958 1938; x_wconf 83' lang='lat' dir='ltr'>documentis</span> <span class='ocrx_word' id='word_1_100' title='bbox 983 1862 1020 1934; x_wconf 93' lang='lat' dir='ltr'>in</span> <span class='ocrx_word' id='word_1_101' title='bbox 1048 1861 1109 1933; x_wconf 89' lang='lat' dir='ltr'>illo</span> <span class='ocrx_word' id='word_1_102' title='bbox 1142 1859 1344 1938; x_wconf 86' lang='lat' dir='ltr'>venerando</span> <span class='ocrx_word' id='word_1_103' title='bbox 1381 1863 1656 1954; x_wconf 81' lang='lat' dir='ltr'>incorruptoque</span> <span class='ocrx_word' id='word_1_104' title='bbox 1686 1863 1838 1953; x_wconf 88' lang='lat' dir='ltr'>Senatu,</span> 
     </span>
     <span class='ocr_line' id='line_1_14' title="bbox 643 1953 1837 2060; baseline 0 -27"><span class='ocrx_word' id='word_1_105' title='bbox 643 1962 791 2060; x_wconf 81' lang='lat' dir='ltr'>quinos</span> <span class='ocrx_word' id='word_1_106' title='bbox 816 1957 1018 2032; x_wconf 85' lang='lat' dir='ltr'>melioribus</span> <span class='ocrx_word' id='word_1_107' title='bbox 1047 1953 1371 2050; x_wconf 84' lang='lat' dir='ltr'>florentioribusque</span> <span class='ocrx_word' id='word_1_108' title='bbox 1398 1958 1495 2031; x_wconf 86' lang='lat' dir='ltr'>annis</span> <span class='ocrx_word' id='word_1_109' title='bbox 1514 1957 1677 2052; x_wconf 82' lang='lat' dir='ltr'>Collegas</span> <span class='ocrx_word' id='word_1_110' title='bbox 1691 1959 1837 2048; x_wconf 81' lang='lat' dir='ltr'>habuit,</span> 
     </span>
     <span class='ocr_line' id='line_1_15' title="bbox 643 2051 1837 2156; baseline -0.003 -24"><span class='ocrx_word' id='word_1_111' title='bbox 643 2056 880 2156; x_wconf 85' lang='lat' dir='ltr'>percipiebam</span> <span class='ocrx_word' id='word_1_112' title='bbox 899 2055 1066 2150; x_wconf 84' lang='lat' dir='ltr'>quotidie.</span> <span class='ocrx_word' id='word_1_113' title='bbox 1092 2051 1332 2140; x_wconf 86' lang='lat' dir='ltr'>Quamobrem</span> <span class='ocrx_word' id='word_1_114' title='bbox 1357 2076 1397 2128; x_wconf 90' lang='lat' dir='ltr'>ut</span> <span class='ocrx_word' id='word_1_115' title='bbox 1418 2051 1514 2125; x_wconf 85' lang='lat' dir='ltr'>istius</span> <span class='ocrx_word' id='word_1_116' title='bbox 1528 2073 1597 2126; x_wconf 82' lang='lat' dir='ltr'>tuae</span> <span class='ocrx_word' id='word_1_117' title='bbox 1620 2077 1739 2152; x_wconf 87' lang='lat' dir='ltr'>operae</span> <span class='ocrx_word' id='word_1_118' title='bbox 1757 2079 1837 2154; x_wconf 91' lang='lat' dir='ltr'>pre·</span> 
     </span>
     <span class='ocr_line' id='line_1_16' title="bbox 642 2149 1837 2250; baseline -0.003 -22"><span class='ocrx_word' id='word_1_119' title='bbox 642 2157 730 2228; x_wconf 90' lang='lat' dir='ltr'>tium</span> <span class='ocrx_word' id='word_1_120' title='bbox 755 2157 970 2250; x_wconf 82' lang='lat' dir='ltr'>gratiamque</span> <span class='ocrx_word' id='word_1_121' title='bbox 996 2151 1039 2224; x_wconf 87' lang='lat' dir='ltr'>ab</span> <span class='ocrx_word' id='word_1_122' title='bbox 1067 2149 1171 2223; x_wconf 82' lang='lat' dir='ltr'>bonis</span> <span class='ocrx_word' id='word_1_123' title='bbox 1199 2149 1236 2226; x_wconf 72' lang='lat' dir='ltr'>de</span> <span class='ocrx_word' id='word_1_124' title='bbox 1254 2149 1399 2222; x_wconf 89' lang='lat' dir='ltr'>eruditis</span> <span class='ocrx_word' id='word_1_125' title='bbox 1422 2149 1617 2223; x_wconf 83' lang='lat' dir='ltr'>hominibus</span> <span class='ocrx_word' id='word_1_126' title='bbox 1641 2153 1731 2226; x_wconf 88' lang='lat' dir='ltr'>vivis</span> <span class='ocrx_word' id='word_1_127' title='bbox 1748 2153 1837 2227; x_wconf 83' lang='lat' dir='ltr'>acci·</span> 
     </span>
     <span class='ocr_line' id='line_1_17' title="bbox 643 2245 1838 2348; baseline -0.003 -24"><span class='ocrx_word' id='word_1_128' title='bbox 643 2253 740 2348; x_wconf 86' lang='lat' dir='ltr'>pias,</span> <span class='ocrx_word' id='word_1_129' title='bbox 766 2245 1006 2340; x_wconf 86' lang='lat' dir='ltr'>nonnullisque</span> <span class='ocrx_word' id='word_1_130' title='bbox 1024 2268 1173 2344; x_wconf 90' lang='lat' dir='ltr'>quorum</span> <span class='ocrx_word' id='word_1_131' title='bbox 1193 2247 1358 2320; x_wconf 87' lang='lat' dir='ltr'>invidiam</span> <span class='ocrx_word' id='word_1_132' title='bbox 1380 2268 1440 2320; x_wconf 83' lang='lat' dir='ltr'>tua</span> <span class='ocrx_word' id='word_1_133' title='bbox 1459 2247 1629 2319; x_wconf 84' lang='lat' dir='ltr'>excitavit</span> <span class='ocrx_word' id='word_1_134' title='bbox 1649 2250 1760 2323; x_wconf 83' lang='lat' dir='ltr'>virtus</span> <span class='ocrx_word' id='word_1_135' title='bbox 1774 2248 1838 2322; x_wconf 88' lang='lat' dir='ltr'>ob·</span> 
     </span>
     <span class='ocr_line' id='line_1_18' title="bbox 640 2339 1835 2442; baseline -0.001 -25"><span class='ocrx_word' id='word_1_136' title='bbox 640 2347 741 2442; x_wconf 86' lang='lat' dir='ltr'>jicias</span> <span class='ocrx_word' id='word_1_137' title='bbox 764 2347 801 2417; x_wconf 89' lang='lat' dir='ltr'>in</span> <span class='ocrx_word' id='word_1_138' title='bbox 826 2367 899 2440; x_wconf 90' lang='lat' dir='ltr'>quo</span> <span class='ocrx_word' id='word_1_139' title='bbox 919 2341 1078 2440; x_wconf 83' lang='lat' dir='ltr'>frangant</span> <span class='ocrx_word' id='word_1_140' title='bbox 1105 2341 1317 2438; x_wconf 87' lang='lat' dir='ltr'>genuinum,</span> <span class='ocrx_word' id='word_1_141' title='bbox 1342 2339 1399 2415; x_wconf 85' lang='lat' dir='ltr'>fac</span> <span class='ocrx_word' id='word_1_142' title='bbox 1423 2364 1464 2417; x_wconf 89' lang='lat' dir='ltr'>ut</span> <span class='ocrx_word' id='word_1_143' title='bbox 1488 2343 1584 2438; x_wconf 78' lang='lat' dir='ltr'>typis</span> <span class='ocrx_word' id='word_1_144' title='bbox 1609 2346 1647 2415; x_wconf 89' lang='lat' dir='ltr'>id</span> <span class='ocrx_word' id='word_1_145' title='bbox 1669 2369 1759 2441; x_wconf 88' lang='lat' dir='ltr'>opus</span> <span class='ocrx_word' id='word_1_146' title='bbox 1777 2367 1835 2419; x_wconf 86' lang='lat' dir='ltr'>ex·</span> 
     </span>
     <span class='ocr_line' id='line_1_19' title="bbox 642 2437 1839 2537; baseline -0.002 -21"><span class='ocrx_word' id='word_1_147' title='bbox 642 2443 817 2526; x_wconf 86' lang='lat' dir='ltr'>cudatur,</span> <span class='ocrx_word' id='word_1_148' title='bbox 853 2461 914 2512; x_wconf 88' lang='lat' dir='ltr'>tuo</span> <span class='ocrx_word' id='word_1_149' title='bbox 940 2463 982 2510; x_wconf 90' lang='lat' dir='ltr'>ue</span> <span class='ocrx_word' id='word_1_150' title='bbox 1014 2437 1082 2512; x_wconf 74' lang='lat' dir='ltr'>tuo</span> <span class='ocrx_word' id='word_1_151' title='bbox 1113 2439 1284 2533; x_wconf 84' lang='lat' dir='ltr'>praeclaro</span> <span class='ocrx_word' id='word_1_152' title='bbox 1317 2437 1437 2512; x_wconf 84' lang='lat' dir='ltr'>labore</span> <span class='ocrx_word' id='word_1_153' title='bbox 1462 2439 1563 2510; x_wconf 85' lang='lat' dir='ltr'>multi</span> <span class='ocrx_word' id='word_1_154' title='bbox 1590 2462 1728 2515; x_wconf 87' lang='lat' dir='ltr'>mecum</span> <span class='ocrx_word' id='word_1_155' title='bbox 1758 2463 1839 2537; x_wconf 87' lang='lat' dir='ltr'>per·</span> 
     </span>
     <span class='ocr_line' id='line_1_20' title="bbox 644 2463 1835 2634; baseline 0.002 -26"><span class='ocrx_word' id='word_1_156' title='bbox 644 2535 713 2610; x_wconf 87' lang='lat' dir='ltr'>frui</span> <span class='ocrx_word' id='word_1_157' title='bbox 744 2535 879 2633; x_wconf 85' lang='lat' dir='ltr'>poffint.</span> <span class='ocrx_word' id='word_1_158' title='bbox 917 2463 1030 2607; x_wconf 63' lang='lat' dir='ltr'>anle.</span> <span class='ocrx_word' id='word_1_159' title='bbox 1070 2533 1127 2608; x_wconf 84' lang='lat' dir='ltr'>Ex</span> <span class='ocrx_word' id='word_1_160' title='bbox 1161 2535 1278 2608; x_wconf 81' lang='lat' dir='ltr'>castris</span> <span class='ocrx_word' id='word_1_161' title='bbox 1305 2535 1452 2608; x_wconf 84' lang='lat' dir='ltr'>Caesaris</span> <span class='ocrx_word' id='word_1_162' title='bbox 1476 2537 1568 2608; x_wconf 88' lang='lat' dir='ltr'>inter</span> <span class='ocrx_word' id='word_1_163' title='bbox 1595 2535 1835 2634; x_wconf 83' lang='lat' dir='ltr'>Laugingam,</span> 
     </span>
     <span class='ocr_line' id='line_1_21' title="bbox 643 2629 1786 2729; baseline 0.002 -23"><span class='ocrx_word' id='word_1_164' title='bbox 643 2631 912 2729; x_wconf 85' lang='lat' dir='ltr'>Dilingamque,</span> <span class='ocrx_word' id='word_1_165' title='bbox 937 2629 1103 2726; x_wconf 88' lang='lat' dir='ltr'>postridie</span> <span class='ocrx_word' id='word_1_166' title='bbox 1128 2629 1302 2706; x_wconf 87' lang='lat' dir='ltr'>Calendaa</span> <span class='ocrx_word' id='word_1_167' title='bbox 1325 2629 1543 2706; x_wconf 85' lang='lat' dir='ltr'>Novembris</span> <span class='ocrx_word' id='word_1_168' title='bbox 1566 2655 1659 2709; x_wconf 85' lang='lat' dir='ltr'>anno</span> <span class='ocrx_word' id='word_1_169' title='bbox 1684 2641 1786 2724; x_wconf 83' lang='lat'>1546.</span> 
     </span>
    </p>
   </div>
   <div class='ocr_carea' id='block_1_3' title="bbox 467 2867 1647 3008">
    <p class='ocr_par' dir='ltr' id='par_1_3' title="bbox 467 2849 1647 3008">
     <span class='ocr_line' id='line_1_22' title="bbox 467 2867 1647 3008; baseline 0.003 -18"><span class='ocrx_word' id='word_1_170' title='bbox 467 2923 614 3006; x_wconf 69' lang='lat' dir='ltr'>nm-</span> <span class='ocrx_word' id='word_1_171' title='bbox 834 2867 1341 3008; x_wconf 75' lang='lat' dir='ltr'>nursaoun</span> <span class='ocrx_word' id='word_1_172' title='bbox 1400 2901 1647 2997; x_wconf 79' lang='lat' dir='ltr'>extu.</span> 
     </span>
    </p>
   </div>
   <div class='ocr_carea' id='block_1_4' title="bbox 469 3010 603 3146">
    <p class='ocr_par' dir='ltr' id='par_1_4' title="bbox 469 3010 603 3146">
     <span class='ocr_line' id='line_1_23' title="bbox 469 3010 603 3067; baseline -0.022 0"><span class='ocrx_word' id='word_1_173' title='bbox 469 3010 504 3067; x_wconf 79' lang='lat' dir='ltr'>us</span> <span class='ocrx_word' id='word_1_174' title='bbox 518 3012 603 3065; x_wconf 83' lang='lat' dir='ltr'>ciam·</span> 
     </span>
     <span class='ocr_line' id='line_1_24' title="bbox 469 3088 595 3146; baseline -0.016 0"><span class='ocrx_word' id='word_1_175' title='bbox 469 3103 531 3146; x_wconf 83' lang='lat' dir='ltr'>rum</span> <span class='ocrx_word' id='word_1_176' title='bbox 547 3088 595 3144; x_wconf 82' lang='lat' dir='ltr'>Vi·</span> 
     </span>
    </p>
   </div>
   <div class='ocr_carea' id='block_1_5' title="bbox 646 3069 1838 3245">
    <p class='ocr_par' dir='ltr' id='par_1_5' title="bbox 470 3069 1838 3245">
     <span class='ocr_line' id='line_1_25' title="bbox 646 3069 1838 3245; baseline 0.013 -20.684"><span class='ocrx_word' id='word_1_177' title='bbox 646 3069 1038 3240; x_wconf 79' lang='lat' dir='ltr'>nunnnns</span> <span class='ocrx_word' id='word_1_178' title='bbox 1104 3126 1506 3238; x_wconf 74' lang='lat' dir='ltr'>numanus</span> <span class='ocrx_word' id='word_1_179' title='bbox 1562 3141 1838 3245; x_wconf 77' lang='lat' dir='ltr'>vtorro</span> 
     </span>
    </p>
   </div>
   <div class='ocr_carea' id='block_1_6' title="bbox 466 3242 619 3318">
    <p class='ocr_par' dir='ltr' id='par_1_6' title="bbox 466 3242 619 3318">
     <span class='ocr_line' id='line_1_26' title="bbox 466 3242 619 3318; baseline 0.02 -21"><span class='ocrx_word' id='word_1_180' title='bbox 466 3242 619 3318; x_wconf 68' lang='lat' dir='ltr'>pumicatis-</span> 
     </span>
    </p>
   </div>
   <div class='ocr_carea' id='block_1_7' title="bbox 471 3315 1476 3412">
    <p class='ocr_par' dir='ltr' id='par_1_7' title="bbox 471 3315 1476 3412">
     <span class='ocr_line' id='line_1_27' title="bbox 471 3315 1476 3412; baseline -0.003 -2"><span class='ocrx_word' id='word_1_181' title='bbox 471 3322 596 3380; x_wconf 57' lang='grc' dir='ltr'>Μ·</span> <span class='ocrx_word' id='word_1_182' title='bbox 1013 3315 1476 3412; x_wconf 90' lang='lat' dir='ltr'><strong>ZUICHEMO.</strong></span> 
     </span>
    </p>
   </div>
   <div class='ocr_carea' id='block_1_8' title="bbox 470 3396 619 3544">
    <p class='ocr_par' dir='ltr' id='par_1_8' title="bbox 470 3396 619 3544">
     <span class='ocr_line' id='line_1_28' title="bbox 471 3396 603 3457; baseline -0.008 0"><span class='ocrx_word' id='word_1_183' title='bbox 471 3396 603 3457; x_wconf 72' lang='lat' dir='ltr'>curm</span> 
     </span>
     <span class='ocr_line' id='line_1_29' title="bbox 470 3479 619 3544; baseline -0.013 -9"><span class='ocrx_word' id='word_1_184' title='bbox 470 3492 516 3535; x_wconf 87' lang='lat' dir='ltr'>mr.</span> <span class='ocrx_word' id='word_1_185' title='bbox 533 3479 619 3544; x_wconf 74' lang='lat'>1663.</span> 
     </span>
    </p>
   </div>
   <div class='ocr_carea' id='block_1_9' title="bbox 472 3555 1996 4106">
    <p class='ocr_par' dir='ltr' id='par_1_9' title="bbox 472 3555 1996 4106">
     <span class='ocr_line' id='line_1_30' title="bbox 472 3555 1862 3700; baseline -0.001 -52"><span class='ocrx_word' id='word_1_186' title='bbox 472 3566 535 3632; x_wconf 56' lang='grc' dir='ltr'>Ν·</span> <span class='ocrx_word' id='word_1_187' title='bbox 552 3566 618 3628; x_wconf 81' lang='lat'><strong>⁵²⁷·</strong></span> <span class='ocrx_word' id='word_1_188' title='bbox 654 3558 914 3655; x_wconf 75' lang='lat' dir='ltr'>Commendat</span> <span class='ocrx_word' id='word_1_189' title='bbox 940 3555 995 3647; x_wconf 89' lang='lat' dir='ltr'>P.</span> <span class='ocrx_word' id='word_1_190' title='bbox 1025 3555 1071 3644; x_wconf 76' lang='lat' dir='ltr'>F.</span> <span class='ocrx_word' id='word_1_191' title='bbox 1100 3555 1319 3660; x_wconf 78' lang='lat' dir='ltr'>Choicum,</span> <span class='ocrx_word' id='word_1_192' title='bbox 1349 3581 1467 3700; x_wconf 74' lang='lat' dir='ltr'>quem</span> <span class='ocrx_word' id='word_1_193' title='bbox 1495 3561 1681 3675; x_wconf 72' lang='lat' dir='ltr'>depingit,</span> <span class='ocrx_word' id='word_1_194' title='bbox 1743 3559 1862 3650; x_wconf 71' lang='lat' dir='ltr'>Com</span> 
     </span>
     <span class='ocr_line' id='line_1_31' title="bbox 495 3669 1843 3870; baseline 0.012 -124"><span class='ocrx_word' id='word_1_195' title='bbox 495 3673 604 3752; x_wconf 72' lang='lat'>¹547·</span> <span class='ocrx_word' id='word_1_196' title='bbox 708 3679 898 3791; x_wconf 82' lang='lat' dir='ltr'>queritur</span> <span class='ocrx_word' id='word_1_197' title='bbox 908 3669 965 3870; x_wconf 56' lang='lat' dir='ltr'>[e</span> <span class='ocrx_word' id='word_1_198' title='bbox 991 3669 1198 3759; x_wconf 78' lang='lat' dir='ltr'>Ferrarid</span> <span class='ocrx_word' id='word_1_199' title='bbox 1220 3670 1379 3774; x_wconf 75' lang='lat' dir='ltr'>relicta,</span> <span class='ocrx_word' id='word_1_200' title='bbox 1406 3677 1520 3788; x_wconf 83' lang='lat' dir='ltr'>apud</span> <span class='ocrx_word' id='word_1_201' title='bbox 1544 3671 1723 3788; x_wconf 83' lang='lat' dir='ltr'>Papiam</span> <span class='ocrx_word' id='word_1_202' title='bbox 1748 3695 1843 3787; x_wconf 86' lang='lat' dir='ltr'>pro-</span> 
     </span>
     <span class='ocr_line' id='line_1_32' title="bbox 699 3783 1996 3903; baseline 0.001 -27"><span class='ocrx_word' id='word_1_203' title='bbox 699 3789 822 3903; x_wconf 82' lang='lat' dir='ltr'>fiteri</span> <span class='ocrx_word' id='word_1_204' title='bbox 859 3789 1003 3873; x_wconf 77' lang='lat' dir='ltr'>dcere</span> <span class='ocrx_word' id='word_1_205' title='bbox 1043 3812 1132 3871; x_wconf 84' lang='lat' dir='ltr'>cum</span> <span class='ocrx_word' id='word_1_206' title='bbox 1170 3786 1311 3874; x_wconf 85' lang='lat' dir='ltr'>damno</span> <span class='ocrx_word' id='word_1_207' title='bbox 1328 3783 1407 3898; x_wconf 86' lang='lat' dir='ltr'>suo</span> <span class='ocrx_word' id='word_1_208' title='bbox 1434 3813 1482 3872; x_wconf 85' lang='lat' dir='ltr'>ac</span> <span class='ocrx_word' id='word_1_209' title='bbox 1510 3784 1714 3873; x_wconf 84' lang='lat' dir='ltr'>honorarii</span> <span class='ocrx_word' id='word_1_210' title='bbox 1733 3795 1845 3902; x_wconf 81' lang='lat' dir='ltr'>peri·</span> <span class='ocrx_word' id='word_1_211' title='bbox 1990 3803 1996 3810; x_wconf 87' lang='grc'><em>“</em></span> 
     </span>
     <span class='ocr_line' id='line_1_33' title="bbox 703 3893 1844 4018; baseline 0.001 -29"><span class='ocrx_word' id='word_1_212' title='bbox 703 3899 825 4004; x_wconf 83' lang='lat' dir='ltr'>culo,</span> <span class='ocrx_word' id='word_1_213' title='bbox 853 3905 1041 4014; x_wconf 81' lang='lat' dir='ltr'>cupitque</span> <span class='ocrx_word' id='word_1_214' title='bbox 1056 3893 1137 4008; x_wconf 75' lang='lat' dir='ltr'>sm</span> <span class='ocrx_word' id='word_1_215' title='bbox 1163 3897 1285 3986; x_wconf 80' lang='lat' dir='ltr'>licere</span> <span class='ocrx_word' id='word_1_216' title='bbox 1312 3899 1434 3986; x_wconf 79' lang='lat' dir='ltr'>aliam</span> <span class='ocrx_word' id='word_1_217' title='bbox 1460 3902 1715 3998; x_wconf 76' lang='lat' dir='ltr'>conditionem</span> <span class='ocrx_word' id='word_1_218' title='bbox 1743 3929 1844 4018; x_wconf 84' lang='lat' dir='ltr'>quae·</span> 
     </span>
     <span class='ocr_line' id='line_1_34' title="bbox 702 4041 811 4106; baseline -0.055 0"><span class='ocrx_word' id='word_1_219' title='bbox 702 4041 811 4106; x_wconf 79' lang='lat' dir='ltr'>rere.</span> 
     </span>
    </p>
   </div>
   <div class='ocr_carea' id='block_1_10' title="bbox 643 4207 1844 4654">
    <p class='ocr_par' dir='ltr' id='par_1_10' title="bbox 643 4207 1844 4554">
     <span class='ocr_line' id='line_1_35' title="bbox 732 4207 1844 4354; baseline -0.002 -14"><span class='ocrx_word' id='word_1_220' title='bbox 732 4259 784 4340; x_wconf 88' lang='lat' dir='ltr'>Ui</span> <span class='ocrx_word' id='word_1_221' title='bbox 809 4261 873 4336; x_wconf 80' lang='lat' dir='ltr'>hat</span> <span class='ocrx_word' id='word_1_222' title='bbox 901 4257 967 4337; x_wconf 80' lang='lat' dir='ltr'>tim</span> <span class='ocrx_word' id='word_1_223' title='bbox 989 4253 1115 4335; x_wconf 89' lang='lat' dir='ltr'>reddet</span> <span class='ocrx_word' id='word_1_224' title='bbox 1144 4259 1292 4349; x_wconf 81' lang='lat' dir='ltr'>literas,</span> <span class='ocrx_word' id='word_1_225' title='bbox 1323 4254 1441 4334; x_wconf 78' lang='lat' dir='ltr'>Petrus</span> <span class='ocrx_word' id='word_1_226' title='bbox 1473 4207 1658 4352; x_wconf 57' lang='lat' dir='ltr'>statuitur</span> <span class='ocrx_word' id='word_1_227' title='bbox 1690 4259 1844 4354; x_wconf 75' lang='lat' dir='ltr'>marcus,</span> 
     </span>
     <span class='ocr_line' id='line_1_36' title="bbox 643 4352 1842 4554; baseline -0.005 -20"><span class='ocrx_word' id='word_1_228' title='bbox 643 4355 1044 4546; x_wconf 44' lang='lat' dir='ltr'>dodoiiiiidliiaiietiin?</span> <span class='ocrx_word' id='word_1_229' title='bbox 1062 4352 1197 4534; x_wconf 46' lang='grc' dir='ltr'>ἐξείη</span> <span class='ocrx_word' id='word_1_230' title='bbox 1216 4359 1842 4554; x_wconf 54' lang='lat' dir='ltr'>dilgiimir’epqouaeniidriioiirorcaeifflciiicaid</span> 
     </span>
     <span class='ocr_line' id='line_1_37' title="bbox 1102 4505 1840 4544; baseline -0.004 -26"><span class='ocrx_word' id='word_1_231' title='bbox 1102 4509 1105 4518; x_wconf 89' lang='lat'><em>.</em></span> <span class='ocrx_word' id='word_1_232' title='bbox 1166 4505 1178 4534; x_wconf 82' lang='grc'>,</span> <span class='ocrx_word' id='word_1_233' title='bbox 1828 4505 1840 4544; x_wconf 82' lang='lat'><strong><em>‚</em></strong></span> 
     </span>
    </p>

    <p class='ocr_par' dir='ltr' id='par_1_11' title="bbox 1739 4571 1842 4654">
     <span class='ocr_line' id='line_1_38' title="bbox 1739 4571 1842 4654; baseline 0.029 -24"><span class='ocrx_word' id='word_1_234' title='bbox 1739 4571 1842 4654; x_wconf 66' lang='lat' dir='ltr'>cujus</span> 
     </span>
    </p>
   </div>
   <div class='ocr_carea' id='block_1_11' title="bbox 0 0 2314 5844">
    <p class='ocr_par' dir='ltr' id='par_1_12' title="bbox 0 0 2314 5844">
     <span class='ocr_line' id='line_1_39' title="bbox 0 0 2314 5844; baseline 0 0"><span class='ocrx_word' id='word_1_235' title='bbox 0 0 2314 5844; x_wconf 95' lang='lat' dir='ltr'> </span> 
     </span>
    </p>
   </div>
  </div>
 </body>
</html>
