4742 5814
698 605 782 722 246
810 593 1055 700 VIGLII
1083 620 1150 688 nn
1180 593 1443 698 AYTTA
1471 593 1845 696 ZUlCHEMl

698 773 806 848 livori
840 770 1049 868 postponit,
1076 793 1252 865 unumque
1287 769 1511 864 malegratum
1537 767 1773 868 discipulum,
1798 795 1904 850 tantae

700 869 916 944 multitudini
944 869 1234 952 memorantium,
1267 865 1488 961 expectatum
1515 868 1795 948 lucubrationum
1831 893 1903 946 rua·

699 988 778 1039 rurn
797 962 948 1039 frustum
967 964 1176 1060 intercipere
1202 961 1307 1035 finis?
1333 961 1424 1036 Tam
1442 967 1549 1038 multa
1565 989 1586 1038 a
1607 985 1641 1040 te
1670 989 1769 1042 antea
1785 972 1821 1042 in
1838 993 1903 1065 pu·

698 1064 833 1174 plicam
858 1061 954 1136 edita
987 1057 1065 1132 sunt
1081 1111 1094 1152 ,
1133 1083 1197 1134 nec
1228 1081 1295 1154 ego
1332 1081 1449 1134 tamen
1483 1062 1709 1138 animadverti
1745 1087 1902 1160 unquam

700 1156 939 1233 inexhaustum
980 1157 1077 1229 illum
1107 1156 1309 1229 eruditionis
1336 1179 1408 1229 tuae
1436 1154 1569 1231 sontem
1593 1158 1810 1248 inarescere,
1843 1160 1901 1236 sed

728 1279 774 1330 uo
798 1256 899 1351 plura
927 1253 1009 1326 inde
1031 1253 1275 1348 depromeres,
1301 1275 1345 1324 eo
1371 1253 1456 1328 milti
1484 1253 1669 1348 benignius
1695 1253 1902 1354 uberiusque

700 1279 811 1427 bucce
827 1349 961 1447 semper
985 1346 1078 1423 visus
1095 1345 1173 1421 suit.
1223 1348 1284 1422 Tu
1308 1350 1425 1445 iraque
1451 1351 1523 1423 noli
1552 1353 1757 1444 expellere,
1790 1375 1830 1427 nt
1856 1358 1901 1430 ad

701 1447 778 1522 suas
808 1443 995 1543 aliquando
1020 1443 1185 1518 cisternas
1212 1469 1318 1538 aquae
1342 1467 1419 1520 ruas
1445 1447 1504 1522 alii
1530 1446 1726 1532 deducant,
1750 1474 1900 1546 quaeque

703 1567 743 1620 tu
746 1567 829 1714 1pro
862 1543 931 1618 tuis
958 1537 1106 1614 allervas
1130 1539 1193 1613 srbi
1218 1541 1405 1638 usurpent,
1437 1564 1583 1654 proque⁸
1603 1546 1645 1619 iis
1670 1547 1812 1622 vicissim
1836 1549 1901 1622 tibi

700 1665 744 1716 ne
760 1661 793 1716 cr

794 1661 917 1738 oquae
939 1638 1023 1710 alias
1041 1659 1150 1731 nugas
1166 1635 1362 1714 affcribant.
1414 1637 1506 1712 Puto
1530 1662 1622 1713 emm
1647 1663 1684 1714 te
1708 1667 1781 1718 non
1803 1647 1902 1740 igno·

700 1761 776 1813 rare
798 1737 883 1833 quid
909 1734 966 1807 hic
982 1731 1161 1830 superiore
1185 1757 1277 1807 anno
1294 1733 1404 1807 libelli
1422 1731 1481 1808 sub
1502 1755 1564 1810 tuo
1582 1740 1723 1814 nomine
1755 1743 1900 1826 exierit,

700 1833 922 2002 pjuplauthop
938 1849 1016 1999 ppos
1024 1829 1140 1997 epha}
1161 1829 1228 1997 sulp
1244 1827 1476 2000 'Bitrprigibupl
1492 1829 1718 2002 discipulusl<1
1730 1839 1791 1932 qui
1815 1839 1901 1914 mihi

700 1949 1094 2100 rbnrubsrobscbsrore'
1112 1949 1277 2112 asclelshctl?
1292 1948 1628 2116 {ubbnslsoublbtierss
1649 1955 1902 2127 librgmslsqbbt

701 2123 876 2209 orationes
888 2141 966 2193 tuas
980 2115 1228 2214 descripserat,
1241 2121 1335 2193 unde
1358 2121 1638 2216 chalcographus
1652 2123 1760 2198 homo
1778 2149 1902 2204 avarus

703 2220 741 2294 δι
757 2215 916 2292 indosiur
944 2215 1105 2289 lubenter
1126 2213 1189 2289 srbi
1217 2217 1260 2290 ab
1279 2215 1433 2312 quodam
1452 2216 1524 2314 ejus
1558 2217 1639 2292 libri
1656 2217 1735 2294 fure
1791 2223 1901 2297 ersoa·

701 2313 777 2388 deri
788 2311 900 2412 pallus
917 2310 984 2394 est,
1007 2333 1107 2384 tuum
1125 2311 1191 2386 elle
1203 2335 1305 2410 opus.
1355 2311 1456 2388 Huic
1469 2313 1555 2388 verti
1571 2317 1702 2401 errori,
1728 2245 1789 2390 ress
1805 2323 1900 2418 apud

703 2409 826 2483 doslos
850 2410 936 2483 nihil
965 2429 1056 2504 opus
1085 2410 1151 2498 est,
1186 2411 1272 2483 hoc'
1292 2431 1410 2483 tamen
1446 2413 1555 2483 modo
1582 2411 1716 2507 optim&
1741 2437 1901 2490 occurre·

640 2586 647 2596 ,
702 2511 770 2592 ris,
793 2505 817 2578 sr
844 2529 941 2581 tuum
972 2505 1114 2580 tandem
1146 2503 1289 2600 aliquod
1317 2527 1408 2600 opus
1442 2506 1585 2600 prodire
1620 2509 1795 2604 patiaris,
1828 2508 1897 2586 srve

701 2605 934 2698 Parergrtum,
958 2596 1028 2674 five
1044 2603 1087 2674 de
1112 2605 1196 2674 otri.
1222 2602 1312 2694 oblig.
1338 2622 1372 2671 rn
1392 2602 1491 2696 cujus
1513 2602 1723 2697 praefatione
1748 2631 1822 2680 eam
1843 2609 1901 2682 de-

703 2700 827 2774 restdre
858 2697 1128 2795 improbitatem.
1179 2697 1303 2769 Minus
1336 2717 1450 2770 autern
1485 2721 1658 2794 putavero
1690 2703 1727 2772 in
1759 2705 1902 2800 publica

701 2817 886 2894 peccatum
906 2792 972 2866 esse
998 2792 1200 2878 commoda,
1227 2792 1251 2863 st
1271 2789 1332 2864 sub
1350 2791 1477 2868 falfi&
1503 2817 1574 2868 non
1612 2797 1697 2871 boni
1722 2799 1802 2873 libri
1827 2802 1901 2875 edi·

702 2895 798 2966 tione
815 2893 1003 2990 genuinum
1020 2889 1056 2962 δι
1074 2888 1205 2986 infigne
1228 2890 1371 2985 aliquod
1391 2913 1480 2986 opus
1508 2892 1569 2965 aba
1586 2913 1623 2967 te
1640 2917 1898 2992 extorqueatur.

628 3038 638 3046 -
701 2988 803 3064 Deus
823 3013 858 3063 te
873 2987 973 3060 nobis
996 2985 1218 3080 studiosisque
1245 2988 1405 3060 omnibus
1432 2987 1491 3062 diu
1514 3011 1651 3066 tueatur
1678 2991 1899 3069 incolumem.

522 3263 664 3343 Erepiflr·

520 3348 555 3405 lis
573 3347 664 3406 Claro·

522 3441 583 3484 turn
595 3427 642 3484 Vr·

522 3519 613 3563 rtrum
625 3521 651 3562 e·

523 3580 590 3640 ditis
607 3601 623 3641 a
633 3585 663 3642 S.

523 3661 563 3719 A.
574 3661 644 3719 Gob-

524 3737 596 3798 lmno
616 3757 663 3798 ott.

525 3819 613 3887 1663.
634 3829 663 3894 p.

524 3908 594 3968 525.

550 3991 654 4068 1537·

702 3085 818 3182 Spirae
842 3107 899 3180 23.
925 3083 1073 3180 Augusti
1102 3105 1203 3176 1537.
1231 3087 1246 3174 (
1289 3081 1317 3177 ).

907 3251 1414 3346 EPISTOLA
1471 3256 1691 3348 XCIX.

776 3427 1822 3572 nunnnnsnpcrnnus

817 3603 1174 3698 vronto
1232 3585 1782 3746 zulemam-o.

703 3785 822 3878 Dicit
841 3782 892 3900 se
914 3781 1176 3870 tumultuarie*
1192 3777 1394 3894 scribere,
1422 3811 1469 3871 ac
1488 3781 1677 3900 Parerga
1691 3783 1771 3900 sua
1788 3789 1899 3903 prelo

731 3905 838 3996 dota.
848 3895 920 3988 De
928 3898 1057 3983 alieno
1057 3895 1157 4004 feru
1162 3899 1240 4008 juo
1244 3891 1322 4008 sub
1332 3903 1486 4022 nomine
1494 3897 1657 4015 vulgato
1672 3909 1870 4015 queritur.

704 4065 982 4238 REpentinus
1010 4061 1151 4174 Falconis
1181 4061 1308 4154 Silesti,
1342 4066 1491 4176 quibas
1518 4072 1634 4182 literas
1666 4073 1728 4146 tibi
1746 4075 1896 4184 reddet,

813 4160 972 4236 discessus
990 4157 1127 4247 effecit,
1154 4161 1429 4237 uttumultuarre
1448 4166 1717 4258 rarescebant,
1739 4169 1897 4262 jocandl·

1826 4289 1896 4362 que

745 4379 810 4468 (a)
831 4377 921 4448 Haec
939 4375 1284 4469 epistolarespondet
1299 4377 1416 4446 Atrion·
1433 4379 1539 4448 literis
1565 4380 1608 4446 ad
1632 4377 1786 4464 Vigilom,
1809 4383 1899 4457 datis

702 4463 747 4536 V.
766 4463 840 4537 Kal.
861 4462 1023 4534 Februar.
1047 4463 1140 4546 1536.
1160 4479 1236 4547 quae
1264 4459 1336 4550 sup.
1357 4463 1404 4534 est
1424 4463 1545 4562 ordine¹
1566 4465 1673 4536 Lxx.
