4840 5830
559 635 755 736 ausu.
784 635 1091 736 seruere
1121 661 1189 732 an
1216 633 1550 742 emersos.
1632 667 1664 758 9

464 834 523 910 rili
541 830 585 908 ab
601 830 770 908 utilissima
795 831 987 908 studiorum
1003 851 1144 910 tuorum
1169 831 1288 928 quiete
1299 880 1312 918 ,
1336 823 1661 926 improbiiiiruorom

462 933 675 1005 nebulonum
702 925 859 1004 furorem
913 933 1092 1026 ropellarn.
1141 925 1232 1003 Vale
1259 928 1401 1004 unicum
1425 928 1521 1006 orbis
1552 927 1661 1007 nostri

460 1027 579 1104 decus.
627 1025 688 1101 Ex
711 1025 812 1102 Dolo.
837 953 911 1101 Aa}³
916 1047 972 1116 15.
998 1025 1077 1102 Cal.
1100 1023 1213 1102 Mart.
1240 1043 1345 1121 1529.

716 1231 1226 1330 EPISTOLA
1291 1229 1401 1336 IV·
1685 1236 1810 1306 M*

541 1455 892 1554 ERASMO
950 1455 1580 1555 ROTERODAMO.
1751 1321 1785 1390 ¹¹

1683 1395 1738 1461 iol.
1758 1413 1791 1478 7·

458 1686 533 1778 De
559 1691 705 1805 prime
733 1688 791 1774 ad
821 1683 1042 1802 Erasmum
1072 1687 1239 1806 epistola
1258 1684 1433 1803 succtffu
1470 1685 1654 1796 letatur,
1695 1721 1799 1799 1529.

510 1831 538 1890 a
580 1827 659 1919 quo
700 1803 943 1900 adrerum
983 1809 1293 1890 communionem
1317 1799 1413 1912 fuit
1445 1807 1651 1892 imitatus.

511 1914 742 2026 Profitetur·
773 1915 824 2026 fe
862 1913 1045 2006 literart'o
1091 1913 1222 2026 studio
1255 1912 1432 2032 gloriam
1478 1940 1655 2028 quarere

513 2028 661 2228 vella
690 2023 860 2142 Erasmi
884 2025 1131 2144 adversariis
1158 2027 1264 2120 male
1288 2026 1405 2136 varlt,
1432 2029 1482 2116 de
1514 2035 1654 2160 amicis

509 2169 593 2258 gau
621 2169 672 2228 e.

458 2363 586 2534 ΕΓΗ
613 2389 684 2445 nou
709 2368 877 2444 mediocri
897 2367 1100 2445 temeritatis
1128 2389 1214 2443 mea
1230 2365 1433 2466 penitentia
1456 2365 1651 2460 afficiebar,

544 2464 608 2562 qui
631 2463 676 2538 ad
701 2482 736 2537 te
760 2465 990 2541 litteratorum
1014 2467 1169 2540 omnium
1194 2467 1392 2566 principem
1416 2467 1533 2542 literas
1556 2489 1650 2544 mear

453 2560 597 2656 ignotus
615 2560 699 2636 dare
715 2558 815 2636 ausus
838 2561 984 2648 fuerim,
1008 2581 1171 2660 magnam
1189 2581 1302 2640 tameo
1328 2581 1452 2639 contra
1477 2586 1571 2638 nunc
1602 2589 1649 2640 ex

316 2738 322 2747 .
454 2677 585 2733 eventu
604 2656 692 2754 (qui
714 2655 822 2755 longe
852 2681 964 2735 meam
987 2657 1261 2755 expeiiationem
1288 2655 1452 2758 superat)
1487 2662 1650 2757 volupta-

454 2771 524 2828 tem
543 2757 657 2851 capio.
707 2752 788 2828 Nec
810 2756 895 2832 mihi
911 2756 1031 2852 potuit
1055 2755 1241 2852 quicquam
1264 2755 1451 2852 jucundius
1468 2757 1648 2850 accidere,

455 2873 561 2948 quam
576 2850 673 2946 quod
688 2849 760 2924 iilae
774 2851 887 2927 literae
915 2873 988 2927 tam
1019 2852 1149 2946 ineptae
1178 2853 1324 2947 gratiam
1347 2872 1461 2925 tamen
1495 2854 1649 2950 aliquam

455 2945 551 3044 apud
569 2967 604 3022 te
621 2948 829 3022 invenerint
878 2947 955 3043 Jam
987 2946 1085 3023 certe
1109 2947 1308 3044 quaerebam
1333 2949 1396 3044 qui
1419 2948 1649 3042 impudentiae

453 3065 539 3118 meae
557 3047 697 3140 culpam
713 3047 808 3140 apud
831 3065 866 3119 te
896 3045 1187 3142 deprecarentur3
1212 3039 1250 3116 ἃ
1278 3041 1351 3139 ipse
1376 3063 1415 3116 te
1442 3041 1490 3116 stc
1510 3066 1650 3140 aequum

453 3141 714 3240 benignumque
738 3137 872 3232 offers,
907 3161 947 3214 ut
981 3139 1078 3236 quod
1108 3163 1177 3236 ego
1203 3141 1364 3214 excusare
1393 3139 1583 3230 voluerim,
1608 3161 1649 3216 tu

453 3260 525 3310 non
544 3240 650 3312 modo
675 3240 712 3312 in
737 3239 915 3310 meliorem
940 3237 1116 3331 acceperis
1169 3255 1306 3323 artem,
1336 3235 1396 3310 sed
1423 3235 1520 3310 laudi
1544 3239 1649 3312 etiam

454 3327 672 3426 afferipseris.
703 3333 813 3426 ¹Cum
836 3351 874 3405 tu
900 3354 987 3406 vero
1014 3333 1103 3406 adeo
1186 3333 1311 3428 nignus
1345 3328 1387 3406 sis
1446 3331 1556 3408 cecati
1579 3335 1648 3408 mei

454 3425 606 3516 censor,
630 3431 691 3502 vix
711 3428 797 3501 mihi
815 3427 965 3516 consto,
990 3449 1049 3503 aut
1071 3450 1140 3524 qua
1169 3429 1302 3504 ratione
1324 3427 1395 3500 vici
1491 3449 1562 3504 ruae
1582 3431 1648 3504 hu·

454 3525 612 3598 manitati
631 3521 839 3619 respondere
864 3523 1032 3610 debeam,
1056 3523 1137 3598 scio.
1188 3522 1281 3597 Illud
1305 3547 1393 3598 vero
1409 3527 1507 3620 quod
1527 3547 1648 3600 exve-

452 3620 518 3694 teri
544 3619 703 3694 amicitiae
730 3621 808 3716 lege
834 3621 1010 3696 adrerum
1031 3622 1311 3698 communionem
1339 3620 1400 3695 abt
1429 3641 1464 3693 te
1490 3620 1644 3709 invitor,

451 3715 592 3812 pudore
612 3727 653 3790 ac
671 3717 882 3790 verecundia
910 3719 1028 3792 denuo
1055 3740 1110 3793 me
1142 3715 1266 3804 afficit,
1299 3716 1381 3793 dum
1406 3733 1477 3786 tam
1512 3717 1564 3790 lar
1589 3739 1645 3790 am

452 3813 541 3884 mihi
563 3809 670 3886 fidem
694 3833 764 3886 tuae
789 3835 870 3906 erga
885 3837 940 3887 me
955 3814 1207 3889 benevolentiae
1232 3810 1349 3886 facere
1364 3811 1528 3906 dignaris.
1630 3849 1647 3869 ·

476 3907 711 3982 udentiistmus
731 3929 846 3982 autern
865 3906 968 3982 fimfi
995 3911 1147 3984 ultronei
1164 3909 1215 3981 tui
1231 3905 1391 3996 beneficii
1412 3907 1516 3980 alium
1540 3905 1646 4004 spon·

452 3929 564 4080 Forem
602 4026 762 4101 exegero.
813 4003 896 4078 Nec
935 4006 1021 4079 mihi
1060 4003 1139 4079 sane
1167 4001 1280 4078 isthoc
1317 3997 1421 4100 paeto
1456 4001 1646 4098 quicquam

452 4103 517 4175 reli
542 4101 578 4173 ui
591 4097 678 4175 facis
699 4149 711 4188 ‚
737 4122 811 4199 quo
835 4122 903 4196 ego
928 4119 1000 4176 tuae
1022 4100 1060 4174 in
1082 4123 1139 4174 me
1167 4097 1424 4174 benevolentiae
1448 4095 1645 4178 satisfacere

451 4218 502 4292 po
529 4193 717 4272 ceredam
767 4192 910 4271 Pudore
930 4198 1059 4272 etenim
1079 4197 1173 4270 haud
1190 4195 1259 4271 levi
1287 4191 1439 4280 afficior,
1471 4215 1553 4268 eum
1574 4217 1645 4290 pro

451 4309 522 4366 tarn
539 4291 664 4388 grandi
679 4291 850 4368 beneficio
878 4311 949 4368 tarn
972 4314 1111 4370 tenuem
1134 4287 1327 4366 referendae
1354 4291 1473 4382 gratiae
1498 4288 1646 4366 faculta-

451 4405 521 4463 tem
546 4385 716 4482 superesse
735 4390 821 4464 mihi
835 4386 1021 4485 perspicio.
1073 4384 1226 4480 Quodii
1245 4406 1359 4460 tamen
1375 4382 1516 4460 fortuna
1529 4386 1646 4460 animo

452 4481 691 4656 resffideff,
716 4487 935 4584 &quantum
956 4482 1234 4653 venensspoffem
1248 4503 1416 4580 quoque,
1438 4501 1476 4556 re
1492 4480 1644 4653 tuscanae:
