4612 5850
319 575 322 582 ’
388 503 394 516 ’
547 557 767 671 mter.
793 495 1103 664 smncrm
1129 587 1198 661 nn
1225 557 1555 669 emensos.
1590 591 1675 694 353

720 779 1229 901 EPIST'OLA
1291 783 1414 883 CL.

466 1214 671 1364 Rescribr't
705 1215 806 1333 qnid
839 1208 1154 1414 respondenrsstm
1197 1210 1388 1412 videntur
1427 1207 1667 1326 Trevirenst·

523 1331 747 1538 inin
773 1325 1076 1560 ‘innon
1105 1351 1227 1529 tn
1276 1321 1436 1584 tri
1464 1351 1667 1562 ton

509 1561 615 1674 fior.

549 1751 815 1833 Evererrdiffime
843 1775 886 1832 tc
901 1751 1196 1832 observandissime
1211 1749 1377 1830 Domine.
1427 1749 1470 1828 In
1551 1755 1589 1830 vi
1606 1779 1665 1834 tre·

460 1847 465 1854 ’
575 1853 751 1951 gotiorum
779 1855 888 1944 mole,
912 1873 992 1948 quae
1020 1851 1121 1925 nobie
1141 1854 1200 1926 hic
1226 1848 1288 1924 sub
1312 1849 1461 1946 Reginae
1512 1846 1664 1928 ‘celsum

465 1947 639 2038 affluunt,
674 1948 718 2024 ad
742 1951 933 2046 postremas
960 1945 1006 2021 R.
1033 1948 1081 2021 D.
1107 1947 1155 2024 V.
1206 1947 1301 2022 tuem
1325 1945 1494 2025 duntaxat
1522 1947 1583 2024 res
1601 1972 1668 2026 on-

464 2049 568 2124 debo.
617 2045 676 2120 Ab
695 2041 993 2141 Luxemborgenfi
1017 2043 1134 2120 senatu
1152 1971 1267 2119 agitne
1284 2045 1506 2142 expectamur
1521 2067 1560 2120 re
1573 2065 1664 2142 pon-

465 2143 539 2218 ium
562 2143 598 2216 in
624 2139 724 2219 causa
751 2139 915 2216 Abbatiae
935 2143 970 2216 S.
996 2143 1192 2228 Maximini,
1218 2141 1315 2238 quod
1334 2161 1451 2216 tamen
1476 2139 1580 2217 brevi
1600 2147 1664 2220 ad-

466 2236 543 2312 fore
568 2239 690 2336 spero,
715 2235 794 2312 cirm
821 2237 1027 2334 'ampridem
1051 2257 1072 2310 a
1097 2259 1152 2312 me
1173 2233 1333 2311 secundae
1354 2236 1509 2334 juffionit
1530 2237 1660 2318 litterae

464 2359 510 2412 eo
536 2333 602 2410 srnt
631 2331 746 2409 miffae.
835 2333 1030 2408 reverenset
1055 2334 1144 2408 vtro
1170 2336 1350 2430 antiquum
1371 2331 1575 2420 observant,
1599 2337 1664 2450 qui

463 2429 564 2505 istum
586 2432 659 2506 iltic
682 2428 881 2525 scrupulum
911 2447 1070 2516 movent,
1094 2429 1140 2504 de
1167 2432 1366 2526 cognitione
1392 2431 1534 2506 violttae
1549 2453 1662 2528 pecu.

464 2525 506 2602 ln
523 2552 596 2626 quo
621 2525 703 2600 sane
721 2523 802 2604 crim
824 2522 1046 2601 tractaremus
1068 2547 1149 2600 cum
1174 2525 1331 2602 Statibbs
1346 2549 1438 2602 anno
1469 2533 1572 2621 1548.
1596 2551 1663 2626 po-

463 2623 581 2698 tiiirrna
603 2642 688 2699 tunc
712 2619 915 2696 versabatur
939 2617 1136 2696 difficultas.
1184 2621 1254 2696 Sed
1276 2619 1418 2702 favente
1443 2625 1585 2697 nomine
1600 2647 1663 2702 ne·

462 2723 599 2818 gotium
620 2721 689 2794 hoc
705 2713 784 2790 satis
801 2716 951 2794 feliciter
972 2739 1057 2793 tunc
1073 2713 1141 2792 fuit
1157 2715 1375 2794 transactum.
1423 2715 1477 2794 Ut
1492 2717 1663 2798 videlicet

464 2819 509 2890 de
538 2839 628 2918 pace
654 2837 677 2889 a
705 2814 850 2888 subditis
884 2816 958 2906 (uti
983 2813 1158 2909 praecendi
1193 2813 1330 2911 posset)
1360 2815 1521 2904 violate,
1550 2816 1661 2913 judex

462 2915 580 2988 utrobi
608 2912 720 2986 nerei
737 2933 778 2983 ac
794 2911 959 2984 conventi
981 2909 1221 3004 cognitionem
1234 2911 1399 3000 habetet,
1425 2911 1521 3008 ‘quod
1537 2913 1661 2989 tranr-

356 3015 358 3022 “
463 3031 521 3083 tuo
554 2937 659 3102 ipffim
691 3005 799 3079 verba
833 3001 990 3101 expreiie
1026 3004 1193 3078 indicant
1243 3005 1294 3082 At
1322 3026 1446 3081 contra
1475 3004 1663 3120 ipsumin'ep

462 3102 660 3198 Principem
686 3124 727 3177 ec
753 3099 948 3175 Dominum
977 3101 1098 3174 harum
1129 3122 1316 3185 tetrarum,
1349 3103 1407 3178 cui
1430 3095 1695 3204 violatioffptts}

460 3200 513 3274 cis
535 3198 716 3294 abaliquo
740 3197 904 3274 intentari
925 3194 1057 3294 polim,
1083 3198 1134 3270 uti
1159 3219 1231 3272 non
1263 3197 1312 3272 est
1335 3197 1513 3296 Imperitli
1531 3199 1688 3278 Came-³

463 3319 532 3385 rae,
558 3313 619 3368 aut
646 3296 749 3368 alicui
776 3296 835 3368 alii
860 3293 1029 3370 attributa
1054 3294 1234 3390 cognitio:
1255 3295 1302 3370 ita
1326 3315 1471 3394 quoque
1492 3317 1565 3373 non
1587 3320 1656 3376 tra-

463 3391 536 3466 dita
556 3415 622 3488 pet
649 3389 811 3466 eumdem
837 3388 1017 3465 narratum
1043 3387 1174 3480 forma,
1198 3395 1379 3490 quomodo
1408 3396 1485 3468 talin
1514 3415 1657 3473 contro-

1711 795 1834 865 Ex'l'o·
1903 737 1910 758 ¹

1710 895 1759 940 mo
1773 879 1830 943 lv.
1930 891 1932 902 ⁴

275 995 277 1005 ’
446 977 929 1132 ΙζιῑΡιεοοΡο
988 993 1630 1162 ATRessATENsr
1708 953 1851 1038 oon.

1726 1211 1832 1306 1550}

459 3486 570 3562 veriia
596 3490 721 3564 debeat
740 3508 800 3562 aut
824 3488 924 3584 poffit
951 3485 1101 3562 diffiniri.
1159 3487 1214 3565 Ac
1238 3489 1349 3565 videri
1375 3491 1515 3587 quidem
1544 3496 1657 3591 prima
1786 3551 1791 3562 .

463 3581 551 3657 facie
580 3584 710 3676 potest,
736 3581 803 3658 effe
821 3581 979 3680 quaedam
997 3585 1227 3678 inaequalitat:
1255 3588 1337 3660 dum
1362 3609 1426 3659 nos
1444 3608 1568 3666 contra
1586 3588 1656 3663 lm·

462 3679 629 3776 peri-eles,
656 3677 681 3752 fi
703 3701 827 3774 pacem
849 3677 1014 3756 adversus
1036 3701 1100 3754 not
1117 3682 1269 3768 violent,
1291 3683 1443 3778 judicem
1467 3684 1656 3773 habemur,

403 3855 422 3892 ,Ι
462 3797 581 3944 {potam
592 3796 744 3945 ςηὲἰὲοε
761 3774 921 3890 accusare
940 3775 1117 3872 poffimus:
1142 3773 1206 3946 ipsi
1224 3798 1425 3950 ffintriannot
1436 3801 1507 3853 non
1521 3781 1655 3948 itipem.

461 3889 676 4079 rriiiii’rm
698 3893 1210 4066 nb‘iaentrfftpbtn
1232 3895 1656 4070 rbnz‘sstssttttb

462 4085 573 4162 magro
598 4087 731 4160 peres,
765 4061 789 4136 fi
814 4066 857 4138 de
882 4063 958 4161 ipso
985 4063 1200 4160 imperatore
1224 4067 1445 4161 loqueremur
1468 4069 1549 4166 quit
1580 4076 1655 4170 ejus

460 4163 570 4258 judex
592 4158 658 4237 ess'e
679 4161 821 4246 debeat,
848 4159 870 4234 fi
891 4185 970 4234 eum
991 4161 1213 4260 contingeret
1235 4163 1423 4259 aliqnando
1439 4187 1564 4262 pacem
1579 4170 1657 4244 vio·

459 4261 531 4332 lare
546 4280 670 4334 contra
689 4257 890 4355 Principem
905 4281 947 4334 tc
967 4257 1160 4334 Dominum
1179 4261 1301 4334 berum
1318 4279 1515 4350 terrarum,
1539 4261 1658 4360 pofito

460 4352 589 4429 scilicet
612 4353 712 4440 casu,
737 4356 832 4451 quod
860 4355 946 4429 aliut
977 4353 1060 4432 effet
1084 4347 1302 4452 Imperator,
1324 4356 1429 4454 quim
1445 4359 1568 4434 harum
1586 4379 1656 4436 tet·

461 4469 576 4522 rernm
600 4449 789 4530 Dominus.
839 4449 897 4528 Eo
920 4453 1010 4532 vero
1035 4449 1087 4526 Im
1116 4454 1225 4530 etium
1243 4452 1451 4549 obtinente,
1474 4453 1655 4535 absurdior

511 4541 596 4618 rore
615 4545 669 4621 II.
1103 4571 1131 4645 y
1493 4597 1495 4602 ·
1603 4549 1656 4629 est
