4680 5828
649 704 708 802 44
763 669 1010 779 VIGLII
1036 693 1104 766 Au
1133 667 1342 766 AYTT
1351 672 1396 767 A
1423 670 1794 772 ZUICHEMI

649 853 1330 1035 dnnllllldllllnlllll
1347 849 1853 1047 ’.llllltlllallil

652 1050 791 1127 smeras.
883 1069 936 1122 auc
957 1046 1085 1138 volui,
1116 1047 1304 1122 charissime
1332 1049 1471 1133 carole,
1494 1049 1615 1144 paucis
1644 1049 1855 1148 respondere

615 1229 620 1244 ,
652 1149 766 1223 literis
783 1145 864 1220 tuit.
913 1143 964 1219 Et
982 1140 1064 1218 cim
1091 1143 1220 1217 habere
1242 1163 1297 1216 me
1324 1141 1456 1238 aliquid
1474 1142 1551 1219 serii
1571 1148 1706 1241 negotii
1720 1147 1858 1224 Hernica

654 1239 889 1339 siguificass'em
899 1289 912 1328 ,
934 1237 1037 1314 suasit
1057 1235 1297 1335 impulitque,
1319 1258 1359 1312 ut
1381 1239 1425 1312 ad
1453 1237 1539 1336 (te)
1588 1243 1746 1340 roprium
1769 1266 1857 1322 uun·

652 1342 742 1420 tium
759 1338 950 1422 mitterem,
974 1335 1109 1434 quode
1133 1356 1193 1408 tua
1213 1337 1395 1410 voluntate
1412 1335 1540 1409 certior
1558 1263 1679 1424 geret,
1702 1361 1783 1414 nam
1799 1343 1858 1418 alil

653 1433 754 1519 suut,
780 1436 842 1531 qui
858 1435 931 1530 ejus
945 1432 1090 1526 gratiam
1109 1426 1257 1504 studiose
1276 1432 1452 1515 ambiunt,
1476 1453 1565 1526 quos
1586 1435 1728 1508 omnino
1746 1439 1857 1534 repel-

654 1535 705 1606 let
731 1529 756 1606 fi
778 1549 817 1604 tu
835 1550 966 1606 certam
984 1524 1154 1599 adventius
1177 1528 1229 1600 tui
1251 1523 1348 1622 spem
1369 1525 1507 1600 feceris.
1558 1528 1779 1626 Quamquam
1798 1536 1857 1607 de·

655 1625 728 1703 fine
758 1648 823 1700 nos
849 1625 1016 1718 deinceps
1045 1621 1105 1715 spe
1132 1622 1226 1694 inani
1250 1621 1389 1697 lauare.
1440 1621 1556 1716 Ipsum
1583 1648 1618 1699 te
1648 1626 1703 1702 fac
1740 1631 1858 1704 videa·

656 1745 751 1809 mus,
779 1721 803 1795 fi
828 1741 1028 1830 nostecum
1055 1715 1167 1792 salvos
1187 1719 1241 1793 vis
1265 1716 1342 1795 elie.
1393 1715 1492 1793 Vale.
1514 1729 1573 1796 26.
1589 1721 1741 1820 Augusti
1766 1747 1860 1803 anuo

660 1839 765 1916 1531.
789 1819 935 1894 Patavii.

490 2053 616 2122 true»
885 2010 1641 2122 EPISTOLAXVI.

491 2159 540 2200 mo
555 2135 598 2198 ΙΙ.

489 2215 639 2358 gu
749 2232 1787 2350 canorosucQUETQ

1337 2436 1343 2446 a

509 2507 552 2582 15
559 2503 614 2582 31·
663 2477 789 2570 Suam
812 2477 862 2566 dr
888 2479 1008 2564 amici
1033 2473 1263 2565 ualetudine
1279 2475 1591 2589 sollicitudinem
1625 2485 1747 2566 anxie
1770 2501 1862 2596 pm

748 2596 829 2698 dit,
865 2616 1120 2706 amoremque
1149 2589 1316 2698 testatur
1349 2585 1600 2704 blandrfflmis
1627 2591 1773 2680 verbis.

752 2813 883 2891 Uando
909 2815 1074 2901 tandem,
1098 2814 1211 2886 anime
1238 2813 1301 2898 mi,
1328 2810 1527 2888 diuturnam
1556 2813 1651 2888 istam
1675 2811 1864 2896 solicitudi-

776 2936 855 2987 nem
872 2913 958 2986 mihi
978 2911 1133 2985 adimes?
1160 2909 1317 3004 Quando
1337 2929 1370 2983 te
1392 2907 1547 3006 pristinae
1562 2915 1754 2988 valetudini
1772 2918 1866 2992 resti·

665 3031 781 3086 tutum
793 3006 1013 3106 intelligam?
1038 3003 1173 3080 interea
1187 3005 1270 3078 dum
1283 3026 1322 3080 tu
1340 3006 1414 3079 illic
1430 3005 1630 3094 decumbit,
1656 3031 1724 3105 ego
1740 3013 1798 3085 hic
1813 3015 1865 3087 vi·

664 3131 750 3190 vus,
775 3108 916 3191 valens,
941 3104 1064 3178 videus
1076 3153 1088 3188 ‚
1112 3102 1299 3198 lachrymis
1320 3122 1455 3176 tantum
1478 3125 1549 3176 non
1574 3101 1767 3181 consumor.
1793 3103 1866 3184 Te·

665 3205 732 3280 stes
749 3202 818 3275 mei
833 3197 980 3274 affeilus
1005 3201 1135 3272 multos
1157 3197 1219 3273 hlc
1237 3197 1369 3285 habeo,
1394 3199 1455 3292 qui
1480 3197 1518 3274 dc
1536 3219 1719 3276 commune
1738 3207 1865 3280 malum

664 3321 736 3374 una
752 3297 896 3382 dolent,
920 3292 1034 3382 &suo
1051 3295 1174 3368 dolore
1188 3317 1306 3369 meum
1322 3295 1425 3368 etiam
1442 3293 1651 3392 exasperant.
1701 3297 1786 3374 Hoc
1802 3305 1868 3376 mi·

665 3395 706 3468 hi
724 3389 849 3477 crede,
874 3392 999 3465 multas
1020 3387 1192 3462 insomnes
1216 3391 1300 3463 duxi
1320 3388 1464 3476 noctes,
1487 3412 1558 3464 tuae
1573 3396 1788 3488 agritudinis
1804 3420 1867 3494 pe·

667 3489 782 3568 riculo
798 3483 993 3585 perculsus,
1018 3481 1298 3581 perterritusque.
1347 3481 1447 3579 Quid
1463 3487 1527 3561 tibi
1544 3487 1605 3561 hic
1620 3492 1764 3565 recitem
1782 3517 1868 3588 que·

670 3589 780 3673 relat,
805 3583 934 3680 quibus
956 3603 1013 3655 me
1032 3579 1270 3657 exanimabam
1287 3577 1366 3655 cium
1378 3601 1531 3656 extrema
1549 3584 1595 3656 de
1613 3604 1647 3658 te
1666 3589 1752 3661 mihi
1770 3592 1869 3665 Scha-

670 3685 793 3778 lmgiur
820 3677 1009 3753 nuntiabat.
1058 3675 1165 3750 Sicne
1187 3696 1258 3750 tam
1278 3676 1418 3765 dulcis,
1448 3677 1582 3771 fidelis,
1607 3683 1723 3758 charae
1745 3686 1869 3759 animae

671 3775 847 3853 consortio
872 3777 947 3852 vita
968 3796 1046 3849 mea
1072 3771 1297 3868 privabitur?
1327 3770 1383 3846 O!
1409 3777 1559 3850 cmdeiit
1581 3781 1702 3872 genie,
1724 3803 1788 3854 cur
1813 3805 1871 3856 me

671 3895 744 3950 tam
766 3867 862 3946 art‘to
877 3871 1019 3947 vinculo
1037 3869 1198 3943 amicitiae
1215 3868 1403 3966 colligasti.
1429 3868 1453 3943 fi
1473 3871 1543 3946 hoc
1557 3891 1629 3945 tam
1646 3877 1718 3950 cito
1734 3877 1872 3952 abrum-

702 3991 759 4044 ere
776 3967 940 4041 voluisti?
964 3964 1038 4038 Cur
1061 3985 1151 4059 quos
1173 3964 1211 4036 in
1232 3967 1305 4040 vita
1324 3963 1437 4042 socios
1455 3965 1521 4040 eli'e
1543 3967 1673 4062 juffisti,
1697 3995 1768 4047 non
1790 3972 1871 4048 linis

671 3991 795 4138 ¹delati
816 4057 884 4137 elie
907 4059 1122 4157 participet?
1146 4057 1239 4136 Haec
1257 4061 1341 4136 dum
1363 4084 1431 4160 ego
1458 4066 1632 4139 coutinuis
1654 4067 1874 4144 lamentatio·

673 4159 777 4233 nibus
799 4179 935 4232 mecum
958 4178 996 4229 re
1024 4173 1104 4242 eto,
1128 4179 1210 4232 ecce
1234 4157 1372 4233 Renicrrs
1393 4159 1513 4234 vivere
1539 4179 1575 4235 te
1602 4164 1749 4236 nuntiat.
1798 4165 1874 4239 Mi·

672 4255 750 4328 uuit
769 4272 884 4328 autem
907 4253 967 4326 ille
1008 4252 1159 4342 olorem,
1184 4275 1257 4326 nou
1278 4249 1410 4327 sustulit
1434 4249 1718 4345 sollicitudinem,
1742 4260 1873 4335 etenim

673 4347 755 4424 cium
771 4369 892 4423 nunus
913 4347 1029 4424 adhuc
1054 4343 1207 4421 officium
1227 4369 1299 4420 uon
1322 4345 1473 4438 iaciant,
1499 4349 1562 4446 qui
1608 4373 1709 4426 uram
1730 4349 1797 4428 eli'e
1821 4353 1874 4432 se·

673 4443 806 4520 curus?
831 4443 999 4520 Obtestur
1021 4463 1057 4518 te
1079 4465 1144 4540 per
1167 4440 1354 4518 amicitiam
1376 4441 1554 4534 uostmm,
1584 4374 1676 4522 iube
1699 4451 1873 4528 valetudi-

673 4543 730 4628 uia
754 4540 955 4643 diligentem
968 4540 1164 4668 rationem,
1187 4537 1302 4640 daque
1326 4557 1469 4643 operam
1481 4593 1495 4639 ‚
1518 4561 1559 4626 ut
1573 4541 1672 4629 iliius
1691 4547 1776 4628 mali
1787 4570 1877 4744 ppt
