4612 5850
632 635 726 758 976
752 624 991 742 vronn
1027 645 1093 723 aa
1120 583 1384 725 arnna
1421 623 1792 728 ZUICHEMI

643 831 870 930 negotiisque
878 827 1075 903 Cerialibus
1090 826 1291 915 obruimur,
1315 825 1408 903 rede
1419 824 1617 926 judicemus
1638 829 1682 904 de
1695 853 1739 906 eo
1756 831 1855 930 qnod

644 929 756 1030 plane
771 925 982 1026 cognoscere
1000 951 1071 1000 non
1091 927 1219 1002 vacat?
1245 925 1315 1001 Sed
1334 925 1629 1021 quemadmodum
1657 928 1702 1016 ii,
1728 931 1790 1028 qni
1809 922 1855 1004 ad

645 1030 744 1103 viam
760 1029 936 1126 publicam
953 1024 1128 1100 aedificant
1137 1021 1422 1138 ,subauscultant
1438 1028 1728 1120 praetereuntium
1748 1025 1857 1102 voce'e

647 1120 1468 1316 {illiberalisindissimilibus
1486 1119 1858 1316 sibisibi&

652 1319 874 1416 inspexerim.
924 1317 992 1389 Sed
1015 1315 1116 1392 brevi
1131 1335 1249 1390 coram
1265 1319 1367 1414 plura
1392 1317 1437 1392 de
1460 1337 1506 1391 eo
1526 1315 1746 1412 negabimur.
1770 1405 1776 1410 g
1797 1319 1860 1394 Tu
1918 1340 1927 1346 ·

652 1437 774 1492 autem
789 1416 890 1501 vide,
914 1412 1098 1510 siquando
1118 1413 1315 1488 Mecblinia
1334 1411 1579 1489 transeundum
1598 1414 1702 1488 nobis
1719 1418 1807 1502 erit,
1820 1433 1861 1492 nt

652 1509 753 1588 forte
768 1511 870 1586 brevi
880 1509 962 1598 fiet,
986 1534 1030 1583 ne
1047 1511 1131 1586 mihi
1145 1509 1336 1608 hospitium
1353 1511 1448 1609 apud
1460 1531 1494 1585 te
1503 1507 1633 1584 auferri
1650 1508 1749 1586 sanas.
1768 1513 1860 1588 Gar·

657 1608 765 1683 diano
774 1610 881 1682 velim
893 1609 1033 1680 nomine
1043 1631 1124 1682 meo
1140 1607 1256 1698 dicas,
1270 1604 1474 1684 desiderium
1486 1607 1561 1700 eins
1573 1631 1629 1682 me
1641 1632 1737 1683 curae
1755 1635 1790 1687 at
1816 1628 1860 1685 ne

655 1707 761 1782 cordi
775 1706 984 1780 habiturum.
1036 1703 1110 1780 Sed
1130 1725 1175 1776 ne
1192 1723 1358 1802 gravetur
1374 1703 1560 1804 expectare
1584 1707 1700 1781 donec
1715 1637 1864 1782 RexSe·

657 1805 782 1880 neficla
802 1802 1001 1898 hujusmodi
1031 1800 1206 1898 dispartiri
1233 1801 1397 1877 statuerit.
1446 1801 1505 1878 De
1527 1799 1689 1878 Praefeui
1712 1803 1862 1881 Mechii·

656 1901 785 1976 niensis
802 1903 839 1973 in
858 1923 923 1975 noa
941 1898 1186 1973 benevolentia
1203 1902 1360 1996 gaudeo:
1387 1900 1447 1974 cui
1469 1921 1549 1974 mea
1572 1917 1617 1974 ex
1636 1924 1738 1998 parte
1753 1902 1864 1978 liben-

657 2017 716 2074 ter
746 1994 977 2096 respondebo.
1028 1995 1225 2092 Theophilum
1257 1999 1409 2096 pecunia
1434 1997 1594 2094 indigere
1619 2019 1691 2072 non
1715 1995 1862 2076 dubito:

658 2094 722 2170 sed
741 2094 839 2170 certe
859 2115 997 2190 aequum
1014 2093 1082 2182 est,
1105 2112 1144 2167 ut
1162 2093 1221 2168 illa
1247 2096 1291 2167 ab
1315 2093 1382 2169 suis
1409 2095 1552 2191 potius,
1585 2092 1695 2192 qnam·
1716 2119 1736 2170 a
1759 2098 1863 2174 nobis

659 2190 912 2290 proficiscatur.
961 2185 1104 2284 Mepstus
1128 2190 1365 2266 Cancellarius
1396 2193 1456 2266 hic
1484 2189 1601 2280 adest,
1637 2192 1697 2268 cul
1722 2217 1866 2295 quoqne

661 2291 801 2388 loquar.
852 2289 889 2362 Si
904 2288 1175 2384 quandoautem
1200 2309 1238 2362 tu
1255 2286 1299 2364 ad
1317 2287 1515 2384 lbeopbilum
1542 2281 1740 2386 scripseris,
1764 2291 1868 2390 figni-

664 2386 771 2463 ficare
788 2388 820 2460 ei
841 2405 966 2480 potes,
991 2385 1093 2480 hujus
1111 2382 1220 2458 nostri
1233 2388 1401 2482 temporis
1416 2409 1458 2459 an
1511 2385 1587 2460 stiae
1598 2439 1609 2475 ,
1634 2387 1671 2462 δι
1683 2389 1781 2486 quod
1796 2387 1870 2490 ipse

663 2506 813 2581 nepotes
830 2482 994 2570 habeam,
1020 2505 1110 2580 quus
1135 2506 1216 2558 meo
1231 2482 1370 2578 sumptu
1397 2483 1434 2555 in
1488 2483 1577 2558 udiis
1606 2484 1739 2562 institui
1761 2511 1866 2572 curo,

665 2601 708 2652 ut
719 2600 812 2654 certe
832 2581 917 2651 mihi
928 2580 976 2650 ad
991 2601 1149 2652 mutuom
1165 2580 1391 2673 praebendum
1405 2581 1492 2654 nihil
1503 2577 1566 2655 fiat
1583 2583 1721 2679 reliqui.
1767 2584 1868 2659 Idem

668 2675 823 2750 officium
845 2674 911 2748 tibi
935 2676 1100 2750 reddam:
1128 2673 1208 2751 ciam
1229 2700 1300 2751 non
1328 2676 1508 2766 dubitem,
1532 2697 1567 2752 te
1586 2701 1728 2774 quoqne
1743 2683 1872 2757 tuain·

668 2774 789 2869 digere
808 2773 969 2870 pecunia.
1019 2771 1134 2861 Vale,
1159 2775 1207 2846 rni
1223 2773 1385 2868 Happera,
1409 2775 1447 2850 δι
1465 2774 1609 2872 conjugi
1622 2779 1766 2853 multam
1784 2803 1871 2854 ame

668 2869 824 2945 Salutem
842 2870 962 2943 dicito.
1012 2869 1130 2942 Miror
1146 2891 1263 2946 autern
1280 2869 1459 2968 utriusque
1474 2873 1512 2968 pi
1539 2875 1674 2966 ritiam,
1687 2878 1871 2972 quimeum

668 2965 896 3054 desiderium,
922 2967 1165 3062 utaliquando
1187 2989 1370 3062 compater
1389 2967 1494 3043 vobis
1514 2895 1623 3062 iiam,
1648 2993 1783 3049 tantum
1808 2971 1873 3050 dis·

668 3062 780 3140 sertis.
831 3061 889 3138 Ex
909 3062 1072 3138 Bruxella
1099 3085 1156 3154 25.
1183 3063 1396 3140 Novembris
1425 3086 1441 3139 r
1449 3089 1466 3162 5
1474 3087 1529 3159 55.

871 3241 1381 3338 nprsnona
1447 3244 1691 3384 ccxv.

524 3373 549 3492 ⁰·
610 3391 635 3489 '·
665 3439 962 3552 Jacoao
999 3439 1343 3548 nonanto
1381 3419 1784 3540 canonico
1823 3445 1871 3542 S.

804 3565 1211 3662 nannonrs
1256 3565 1660 3682 cononum(
1707 3575 1738 3684 ).

607 3799 616 3822 ·
675 3746 801 3843 Ridet
828 3741 986 3857 Horstii
999 3743 1303 3846 credulitatem,
1329 3751 1401 3859 qui
1414 3743 1495 3854 fibi
1518 3753 1758 3866 purgatione
1777 3771 1877 3868 opus
1950 3812 1953 3827 ·

733 3862 982 3980 efficetzsuit,
993 3861 1106 3978 qudd
1118 3857 1275 3970 Velſsus
1288 3859 1337 3952 V
1324 3861 1472 4092 iglt'ttm
1487 3861 1729 3954 orthodoxia
1733 3863 1821 3982 suae

1045 3977 1190 4063 vadem
1213 3974 1284 4091 effe
1312 4005 1337 4060 a
1366 3993 1505 4066 areret.

764 4151 837 4230 Um
853 4149 1119 4237 tuaaLitterac,
1137 4151 1276 4226 Eximie
1300 4150 1454 4230 Domine
1476 4153 1679 4242 Canonice‚
1704 4153 1878 4254 legissem,

788 4251 915 4349 quibua
931 4275 1018 4341 me,
1038 4271 1147 4349 atque
1173 4249 1438 4328 Atrebatensem
1452 4252 1679 4369 'Episcopum
1709 4255 1754 4332 ab
1780 4251 1882 4428 'SSZ

681 4459 933 4618 &iussis
956 4460 1077 4549 Hom,
1103 4459 1195 4551 δῖα]
1226 4457 1271 4529 <¹0
1297 4480 1366 4551 quo
1393 4459 1467 4533 dixi
1489 4461 1525 4532 in
1546 4461 1651 4534 mons
1679 4460 1723 4532 aa
1747 4461 1878 4534 vatam.
1958 4453 1970 4462 ·
2125 4439 2129 4456 ·
2267 4429 2268 4448 ³
