4882 5804
506 675 703 788 eutr.
729 679 1040 792 mucra
1066 711 1138 790 n>
1161 675 1493 802 ansatos.
1523 719 1612 815 209

373 912 376 918 ’
557 834 1455 1034 aot'stots'txxvtr.
1598 873 1756 994 ‘mo-

1632 1023 1681 1069 mo
1692 1006 1737 1070 Π.

300 1061 303 1067 ’
410 1099 413 1108 ⁴
1632 1080 1689 1145 sol.
1706 1099 1775 1159 351.

492 1169 770 1312 Joauur
805 1171 1094 1286 Jacouo
1131 1171 1518 1270 runcano,
1634 1161 1698 1228 vso·

410 1399 505 1498 Exr
546 1401 808 1514 assdeutium
816 1397 953 1519 suun.
981 1399 1166 1498 Mortem
1180 1401 1366 1520 plurr‘um
1384 1407 1606 1507 menum
1648 1411 1754 1504 trau

488 1553 491 1577 ·
534 1537 804 1635 patronorum
825 1517 945 1608 dolet.
969 1515 1185 1608 Harenas
1209 1518 1267 1608 ad
1278 1545 1354 1606 nan
1372 1524 1551 1612 amineu-

474 1763 478 1772 .
529 1632 584 1718 *aa
616 1628 784 1748 prrorsm
797 1629 957 1744 fludio,
984 1629 1186 1760 lanaeque
1204 1628 1472 1746 scribendum.

495 1866 563 1946 Am
583 1871 730 1968 longum
753 1865 849 1944 suiii'e
869 1889 1021 1954 mearum
1040 1863 1085 1952 ad
1109 1885 1143 1954 te
1166 1865 1342 1946 literarum
1359 1869 1580 1945 intervaiium

517 1991 561 2044 ne
586 1965 627 2040 iis
642 1965 853 2054 admiratus,
878 1969 927 2040 mi
942 1967 1082 2060 Jacobs,
1108 1987 1186 2050 nam
1203 1985 1271 2058 ego
1291 1963 1372 2038 sane
1391 1986 1492 2042 antea
1509 1923 1606 2064 apud

409 2059 595 2158 Praesuiem
620 2061 929 2142 Monasterieosern
955 2063 1062 2140 variis
1086 2061 1339 2158 legationibus,
1362 2061 1543 2160 multisque
1567 2061 1606 2143 &

408 2153 618 2239 difficiilimis
645 2160 826 2251 negotiis,
850 2160 905 2235 uti
932 2153 1006 2254 ipse
1039 2157 1204 2245 aestimare
1233 2176 1362 2252 potes,
1385 2159 1602 2254 impeditus,

407 2255 612 2351 adpriuata
644 2255 835 2336 amicorum
861 2253 1023 2326 obeunda
1048 2251 1162 2328 offitia
1189 2274 1260 2326 uon
1288 2250 1365 2324 satis
1386 2257 1495 2331 habui
1518 2277 1606 2329 tenr-

410 2351 524 2448 poris‚
550 2352 695 2448 otiique.
745 2347 821 2432 Ubi
843 2351 932 2432 verd
959 2349 1099 2430 molesta
1120 2351 1180 2431 ilia
1204 2369 1247 2422 ac
1272 2347 1443 2422 laboriosa
1471 2373 1526 2425 me
1545 2373 1604 2427 ex·

411 2443 588 2543 plicasiem
611 2447 818 2545 provincia,
842 2442 1032 2530 sirccessdre
1063 2467 1157 2520 nova
1180 2445 1393 2540 migrationis
1414 2447 1606 2520 incommo-

408 2547 478 2635 da,
504 2543 653 2628 &curae
672 2525 888 2638 aamnesque
913 2539 1086 2630 forenses,
1111 2539 1357 2614 &inconsueti
1382 2541 1603 2639 Judiciorurn

410 2637 575 2742 strepitos
585 2689 598 2727 ,
622 2637 745 2737 quibus
770 2641 888 2717 denuo
910 2633 1085 2713 scribendi
1110 2635 1261 2716 officium
1286 2637 1518 2734 interceptum
1544 2661 1606 2716 aut

406 2760 505 2812 certe
527 2737 672 2810 ditatum
684 2734 764 2820 suit.
810 2733 894 2822 'Ubi
912 2736 982 2810 'iliis
998 2754 1138 2832 quoque
1157 2753 1335 2830 uteunque
1355 2731 1539 2820 defundes
1555 2734 1605 2812 es·

410 2832 498 2918 sem,
523 2853 605 2908 ecce
619 2831 709 2916 mbri¹
719 2827 918 2924 trist'niimqs
931 2827 1084 2914 adfertur
1096 2829 1262 2918 nuncius,
1286 2829 1438 2926 primurn
1458 2831 1501 2904 de
1512 2854 1604 2905 mor-

408 2948 443 3002 te
460 2925 569 3004 Dua.
594 2925 781 3028 Wob‘gangr'
795 2927 959 3022 doringus
982 2925 1077 3032 apud
1107 2923 1315 3013 Patavium,
1341 2929 1531 3002 mortalius
1560 2927 1604 3002 de
1692 2967 1695 2976 ·

411 3045 522 3100 morte
542 3025 588 3097 D.
611 3021 819 3120 cassiopim
838 3021 981 3120 Hagai,
1005 3045 1046 3098 ac
1063 3023 1189 3098 deinde
1207 3020 1250 3093 de
1269 3021 1315 3095 D.
1342 3019 1453 3114 Zasti,
1478 3045 1604 3120 paren·

408 3119 520 3218 cisque
539 3119 592 3192 tui
608 3119 719 3200 obitu.
770 3117 912 3208 Quibus
939 3120 1128 3214 repentinis
1146 3116 1428 3213 coacervatisque
1452 3121 1604 3216 optimo·

406 3239 485 3288 rum
499 3215 689 3292 amicorum
709 3237 1008 3312 patronorumque
1030 3214 1163 3300 casibus
1181 3215 1231 3286 ita
1253 3211 1305 3286 fui
1330 3213 1509 3312 perculsus
1532 3217 1604 3289 ani}

411 3312 483 3398 mi,
507 3327 545 3386 ut
565 3311 609 3383 ad
632 3309 848 3386 scribendum
865 3309 1029 3386 nonsatis
1048 3335 1104 3386 me
1127 3332 1338 3405 componere
1357 3307 1502 3406 possem.
1553 3311 1604 3388 Et

408 3427 605 3504 quanquam
627 3408 657 3479 is
673 3407 774 3502 d'oior
796 3409 941 3504 propius
958 3425 993 3481 te
1007 3409 1178 3502 tetigerit,
1203 3409 1336 3504 quippe
1355 3408 1416 3502 qui
1434 3431 1505 3486 uno
1520 3403 1604 3506 pro*-

409 3525 457 3599 pe
476 3523 632 3600 tempore
651 3505 687 3590 δε
707 3524 959 3600 praeceptorem
980 3503 1265 3592 eruditissimum,
1289 3501 1582 3602 fideliffimumque

410 3597 450 3672 dt
473 3619 649 3696 parentem
666 3599 779 3675 virum
797 3599 1119 3694 praestantifflmum,
1146 3597 1317 3700 amiseris,
1342 3557 1603 3702 consolationis1

411 3717 479 3792 que
499 3694 651 3768 officium
677 3715 741 3765 nos
766 3693 831 3769 tibi
857 3696 1097 3780 debuerimus:
1125 3715 1197 3792 ego,
1215 3715 1350 3782 tamen,
1374 3695 1423 3766 mi
1450 3697 1598 3790 Jacobs,
1738 3680 1742 3719 ¹

409 3793 536 3888 partim
560 3789 696 3885 proprii
713 3787 842 3864 doloris
859 3793 1094 3888 impatientia,
1118 3791 1245 3888 partim
1260 3791 1356 3887 quod
1366 3813 1528 3881 vererer,
1553 3815 1599 3884 ne
1651 3871 1656 3878 ,

407 3888 566 3961 moeroris
592 3889 644 3960 tui
672 3887 876 3980 magnitudo
900 3885 1025 3962 nostrae
1050 3887 1213 3960 orationis
1242 3886 1415 3982 imperitia
1439 3905 1598 3962 nontam

405 3985 650 4070 cohiberetur,
677 3982 779 4078 quarn
796 3980 1020 4072 incitaretur,
1043 3981 1207 4056 hactenus
1232 3985 1319 4057 nihii
1334 3979 1459 4079 scripsi.
1485 3979 1596 4065 Nunc
1642 4043 1653 4073 θ,

407 4080 487 4153 ciam
504 4079 615 4176 ipsum
629 4099 768 4174 ternpus
784 4079 851 4152 iilis
871 4081 1073 4152 vulneribus
1091 4078 1287 4154 cicatricem
1307 4080 1522 4170 obduxerit,
1557 4080 1597 4156 δι

407 4197 442 4250 te
466 4197 689 4273 paternorum
714 4179 936 4278 negotiomm
960 4178 1068 4250 moles
1089 4176 1133 4248 ad
1166 4176 1249 4249 alias
1272 4177 1506 4272 cogitationes
1533 4197 1601 4251 vo·

409 4281 486 4347 cet':
521 4295 592 4346 non
612 4272 738 4368 putavi
762 4273 846 4344 mihi
865 4273 1154 4346 committendum
1173 4323 1185 4360 ,
1210 4289 1251 4342 ut
1271 4293 1427 4345 veterem
1446 4271 1599 4358 nostram

408 4367 670 4445 familiaritatem
697 4369 909 4443 taciturnitas
931 4370 1158 4466 extingueret.
1214 4365 1343 4462 Neque
1371 4387 1485 4441 tamen
1503 4369 1600 4443 triste

406 4465 494 4538 illud
522 4464 700 4542 scribendi
724 4487 962 4560 argumentum
989 4467 1135 4540 trasiare
1163 4459 1327 4556 poss‘um,
1358 4460 1415 4536 sed
1439 4463 1478 4536 id
1501 4465 1598 4538 malo

402 4581 527 4729 agqre,
552 4581 642 4729 uItIte
658 4561 883 4653 admoneam,
900 4558 1247 4729 nostrarqurincipio
1265 4559 1451 4636 amicitiam
1468 4581 1512 4634 ex
1530 4560 1606 4727 ignii⁸
1672 4647 1678 4660 g

483 4679 540 4730 orn.
605 4709 617 4728 .
