4742 5814
573 543 770 692 misr.
800 591 1115 692 seraone
1141 617 1208 688 in
1237 593 1567 700 DIVERSOS.
1608 624 1690 721 243

488 776 619 856 discere
644 799 770 877 queat,
795 797 966 875 quantum
999 775 1116 852 adhoc
1141 779 1174 852 ei
1196 778 1331 855 necesse
1359 779 1435 854 erit.
1490 779 1563 857 Sed
1585 783 1622 856 in
1645 807 1689 859 eo

487 895 563 952 ruer
582 874 733 952 maxime
749 897 869 971 parter
882 871 1068 949 confiliere
1081 873 1257 965 arbitror,
1279 897 1319 950 ut
1329 874 1534 974 diligentem
1553 897 1588 952 te
1597 901 1688 973 prae·

485 973 567 1047 beas
592 972 814 1070 Magistrum.
865 969 970 1046 Pueri
987 971 1080 1045 enim
1094 989 1243 1070 propter
1260 989 1398 1046 aetatem
1420 970 1546 1070 partim
1560 972 1624 1070 ipsi
1639 978 1685 1051 de

486 1068 693 1144 soisstudiis
715 1067 843 1143 soliciti
858 1067 926 1143 esse
949 1065 1072 1142 solent.
1120 1068 1244 1163 ltaque
1261 1089 1515 1164 praeceptorem
1541 1081 1684 1168 oportet

346 1171 356 1190 ⁰
484 1168 642 1262 quotidie
661 1185 756 1240 certa
771 1165 934 1261 quaedarn
960 1157 1183 1261 praescribere
1200 1165 1331 1260 pensa,
1356 1164 1483 1260 quibus
1500 1165 1682 1258 absolutio,

483 1263 589 1338 feriar
607 1260 672 1336 libi
688 1259 868 1360 contigisse
887 1263 1072 1359 gaudeant.
1122 1260 1183 1336 Sic
1201 1259 1336 1336 discunt
1357 1263 1526 1349 alacrius,
1551 1263 1590 1340 dt
1608 1289 1693 1340 cer·w

483 1380 519 1432 ta
540 1357 719 1456 proseditir
745 1361 960 1434 incrementa
981 1361 1104 1432 melius
1131 1379 1312 1452 apparent
1362 1356 1471 1432 Pensa
1485 1381 1602 1436 auteur
1617 1361 1680 1436 ista

481 1457 682 1532 diurnarum
698 1479 885 1552 operarum
900 1459 937 1530 in
953 1477 1023 1528 tres
1043 1471 1160 1554 parter
1179 1453 1415 1530 distribuenda
1430 1456 1496 1530 tibi
1511 1453 1578 1532 elle
1594 1479 1679 1534 cen·

480 1552 563 1628 seo:
610 1553 764 1650 primum
799 1554 867 1628 arti
894 1550 1062 1640 dabitur,
1092 1549 1283 1626 secundum
1311 1553 1507 1638 locutioni,
1539 1556 1679 1630 tertium

478 1646 669 1748 scriptioni.
718 1647 762 1724 Id
778 1651 845 1736 est,
870 1669 950 1724 ante
970 1648 1088 1722 omnia
1111 1647 1368 1723 Grammaticte
1386 1651 1574 1752 preceptio
1599 1652 1677 1726 dili·

478 1765 600 1842 genter
620 1747 688 1820 tibi
710 1744 916 1821 imbuendus
939 1749 1029 1834 erit,
1054 1767 1136 1842 quae
1164 1744 1292 1820 deinde
1321 1745 1502 1840 loquendo
1527 1744 1677 1822 scriben-

477 1845 592 1955 doque
610 1863 783 1920 exerceat.
834 1840 1089 1918 Grammaticos
1107 1861 1312 1916 autemnon
1331 1841 1499 1918 convenit
1513 1865 1623 1920 norae
1640 1863 1676 1922 te

476 1937 665 2026 asciscere,
687 1963 732 2015 ne
745 1939 784 2013 dt
802 1943 902 2036 priue
926 1939 1073 2016 didicita
1089 1936 1336 2024 obliviscetur,
1361 1934 1400 2010 δι
1418 1939 1463 2014 de
1485 1959 1582 2016 novo
1609 1940 1675 2017 tibi

476 2057 581 2135 atque
596 2035 662 2133 ipsi
680 2037 741 2110 ista
764 2040 835 2111 tela
854 2035 1041 2111 retexenda
1059 2032 1110 2109 fit
1160 2034 1327 2132 Siquam
1348 2035 1456 2128 igitur
1481 2056 1583 2110 antea
1605 2035 1671 2110 dis·

477 2156 557 2208 cere
579 2135 746 2228 coeperit,
771 2155 847 2206 erm
871 2155 956 2208 cura
981 2154 1021 2207 ut
1045 2128 1248 2206 exafiliffirue
1272 2127 1455 2228 perdiscat.
1494 2131 1561 2208 -Ut
1583 2133 1674 2230 lapir

474 2228 567 2326 saepe
587 2229 766 2304 revolutor
787 2227 888 2302 situm
904 2251 976 2303 non
1002 2226 1174 2314 obducit,
1197 2225 1247 2302 stc
1264 2249 1454 2325 puerorum
1477 2249 1597 2304 tenera
1619 2233 1671 2306 io·

474 2328 578 2422 genia
594 2323 746 2410 diversit
758 2325 885 2400 obruta
902 2323 1178 2412 Grammaticis,
1202 2348 1282 2398 raro
1302 2325 1346 2398 ad
1367 2320 1518 2400 studium
1541 2327 1672 2420 perdu-

474 2441 612 2498 cuntur.
663 2422 802 2498 Suadeo
833 2422 952 2518 itaque
983 2442 1023 2496 ut
1053 2421 1211 2518 priorum
1234 2439 1493 2519 praeceptorum
1517 2420 1672 2518 vestigiis

472 2523 666 2604 inhaerear,
689 2539 796 2614 atque
822 2517 856 2592 id
883 2517 992 2632 modd
1008 2519 1068 2592 dee
1086 2539 1251 2629 operam,
1275 2538 1316 2592 ut
1344 2517 1450 2628 quim
1469 2516 1670 2632 persediilii·

471 2611 1359 2822 &iteroliirileiliileieetil
1371 2611 1670 2808 ilssii‘teli

470 2830 574 2906 cepta
591 2813 712 2884 ordine
728 2808 795 2882 tibi
815 2829 958 2893 recreet,
982 2805 1041 2884 sed
1061 2829 1097 2880 tn
1111 2807 1338 2895 authoribus,
1363 2831 1451 2903 quos
1471 2811 1553 2884 eitu
1569 2807 1668 2886 alius·

469 2931 513 2982 ve
532 2904 760 3003 praelediurue
777 2903 846 2992 est,
866 2904 988 2978 eadem
1008 2906 1182 3002 applicare
1199 2927 1304 3002 atque
1322 2903 1516 2978 examinare
1531 2903 1668 2980 necesse

471 3005 569 3090 erit,
584 3023 623 3076 ut
647 3003 743 3076 usum
774 3001 914 3075 illorum
935 3001 1018 3077 inde
1041 3002 1224 3099 percipiat
1256 2999 1452 3076 ‘Authorte
1476 3004 1564 3077 verd
1589 3000 1666 3096 (a)

471 3121 583 3195 nuper
606 3099 671 3172 tibi
686 3097 876 3195 designavi.
911 3094 1074 3170 Terentius
1097 3099 1188 3171 inter
1211 3119 1331 3171 omnes
1355 3119 1499 3192 propter
1524 3097 1666 3170 santilia-

470 3219 543 3270 rem
574 3191 752 3271 sermonen
781 3195 912 3291 primas
944 3211 1051 3268 tenet.
1108 3193 1155 3266 Ei
1186 3191 1212 3267 li
1244 3194 1410 3289 adjeceris
1441 3195 1499 3268 vel
1534 3194 1666 3288 Vergilii

469 3289 664 3376 Bucolica,
698 3293 757 3369 vel
779 3289 915 3391 aliquid
938 3311 984 3366 ex
1009 3290 1125 3382 Cosiri
1147 3309 1206 3365 aut
1231 3292 1401 3382 Cicerone,
1425 3289 1505 3368 satir
1531 3313 1601 3386 pro
1620 3288 1663 3364 ei

646 3441 648 3446 ,
1560 3406 1664 3462 aetate

511 3543 572 3628 (a)
601 3540 749 3608 Acriores
775 3542 849 3612 verd
877 3561 981 3628 nuper.
1002 3541 1056 3608 ribi
1071 3541 1258 3628 ¹defigriorri]
1287 3541 1339 3608 his
1366 3559 1492 3625 nempe
1516 3541 1658 3610 verbis:

468 3668 494 3704 „
511 3625 763 3777 Qgrotidianum
797 3627 989 3694 sermonem
1023 3627 1154 3711 optime
1176 3625 1339 3693 formabit
1366 3624 1529 3692 Terentius.
1579 3627 1660 3692 Nec

469 3751 495 3790 „
512 3715 536 3778 ti
563 3712 575 3775 i
595 3727 690 3776 curae
705 3711 760 3785 fit,
781 3709 874 3792 quod
892 3712 961 3794 jam
982 3727 1082 3776 antea
1098 3711 1155 3778 ille
1180 3711 1220 3777 ab
1243 3707 1412 3794 prioribus
1431 3725 1546 3791 praece
1573 3711 1658 3774 tori-

467 3837 492 3872 „
508 3796 572 3862 bus
605 3811 708 3860 unam
741 3794 930 3860 alteramve
969 3794 1041 3876 ejus
1076 3795 1285 3867 comoediam
1322 3791 1479 3857 audierit.
1557 3797 1659 3858 ororii

466 3921 491 3954 ,‚
508 3880 610 3946 lectio
638 3877 755 3946 decies
770 3875 1072 3961 repetitajuvebit.
1115 3876 1360 3960 Convenitque
1380 3893 1455 3940 eam
1477 3876 1581 3944 toties
1603 3895 1658 3944 re·

466 4003 491 4040 „
507 3977 646 4048 petere,
666 3977 705 4028 ur
726 3977 841 4028 totum
862 3961 1041 4028 authorem
1061 3959 1096 4026 in
1116 3959 1267 4028 nostrum
1287 3957 1568 4028 transformemus
1590 3958 1659 4028 ser-

463 4087 490 4124 „
507 4063 658 4114 monem.
699 4044 824 4114 Stilurn
853 4043 941 4111 verd
973 4045 1073 4128 ejus,
1110 4046 1258 4114 maxime
1286 4041 1456 4112 scribendi
1486 4045 1658 4112 exercita·

461 4172 488 4210 2,
505 4133 554 4199 tio
585 4129 742 4198 instruet.
783 4127 968 4212 Exemplar
994 4145 1110 4196 autern
1138 4129 1181 4196 ad
1203 4127 1297 4212 quod
1324 4126 1359 4194 se
1387 4143 1577 4207 exerceat,
1606 4125 1657 4197 fa·

462 4211 653 4290 ,',mi1iares
690 4211 838 4280 Ciceronis
865 4209 1022 4299 epistolas
1063 4213 1096 4279 ei
1121 4231 1306 4298 propone,
1340 4210 1377 4278 dt
1409 4209 1494 4296 Juiii
1525 4211 1657 4297 Cesarir

463 4336 489 4374 n
504 4299 794 4374 commentarios,
823 4313 892 4380 quo
921 4313 993 4361 non
1017 4296 1141 4364 melior
1164 4296 1248 4362 milri
1267 4291 1426 4380 magister
1444 4293 1607 4372 videtur,
1629 4295 1656 4359 sr-

463 4417 489 4455 ei
505 4386 578 4466 quis
605 4379 834 4467 quascumque
860 4396 914 4448 res
936 4379 1038 4448 brevi
1059 4399 1217 4466 puroque
1245 4378 1401 4446 sermone
1418 4377 1654 4463 perscribere,

464 4501 489 4544 n
506 4485 574 4554 quo
594 4466 692 4552 polsrt
713 4465 861 4550 discere,
882 4463 1289 4640 docerevffiolueritss'
1309 4459 1377 4532 ibid
1391 4479 1423 4547 p.
1443 4480 1497 4548 25.

462 4580 483 4604 .,
1142 4581 1164 4636 2
