4742 5814
523 2924 603 3040 usse
704 2928 809 3001 dicito
826 2927 1025 3036 graviorem
1046 2923 1247 3022 aliquamdi

680 521 1130 650 230V1GL11uu
1158 467 1421 622 aurun
1448 519 1822 623 zurouuur

679 739 769 796 :men
794 705 1119 796 &induntur-ibus,
1143 729 1293 808 quorum
1308 707 1422 784 multo
1447 709 1601 804 maxime
1628 708 1797 806 estpars,
1819 707 1883 786 nri·

681 831 775 890 muta
794 809 855 884 ilia
869 827 1117 901 nunnunquam
1142 803 1351 916 explicanda
1378 801 1481 895 suot,
1506 803 1545 880 δι
1569 803 1764 884 difficiliora
1783 830 1885 906 repe·

681 907 795 984 :tenda
808 903 953 1002 saepiur,
977 925 1049 1000 quo
1066 903 1104 979 δι
1120 903 1240 976 melum
1255 901 1473 998 percipiant,
1498 901 1536 978 δι
1551 898 1687 982 fidelius
1703 907 1885 979 retineant.

682 1003 756 1084 illu
771 999 851 1076 sane
864 995 1041 1096 euphrasu
1064 1019 1134 1098 qua
1152 999 1313 1076 cunum
1330 1019 1451 1072 eorum
1468 1017 1548 1094 quae
1563 997 1794 1168 praeleqeban
1808 998 1885 1075 sen·
1940 1019 1944 1026 ’

688 1097 766 1178 -sutn
782 1094 1016 1194 apertioribus
1038 1095 1154 1172 verbis
1181 1111 1260 1172 ente
1282 1089 1392 1190 ipsam
1412 1092 1662 1192 expositionem
1704 1097 1887 1192 ngularum

688 1195 849 1298 partium
875 1189 1020 1268 reddere
1039 1187 1155 1280 solet,
1187 1189 1334 1266 multum
1369 1185 1462 1286 saepe
1485 1185 1675 1266 delebiatue
1699 1189 1785 1266 sum.
1836 1191 1886 1268 Et

694 1311 894 1392 quanquam
909 1285 1103 1388 plusculum
1128 1286 1166 1360 in
1192 1309 1236 1362 eo
1254 1286 1422 1382 temporis
1440 1283 1647 1374 absumitur,
1672 1290 1817 1368 multum
1834 1311 1888 1366 ta·

686 1411 773 1464 uren
788 1387 957 1464 momenti
970 1385 1014 1458 ad
1031 1381 1246 1458 intellesiurn
1265 1403 1387 1458 eorum
1410 1405 1490 1480 quae
1507 1383 1748 1480 praelegunmr
1762 1383 1889 1462 adfert.

688 1483 790 1562 Nam
810 1479 885 1556 aliie
910 1478 1028 1556 verbis
1053 1477 1173 1554 eudem
1191 1503 1246 1578 reu
1262 1479 1455 1576 explicata,
1479 1477 1619 1555 exhibet
1645 1483 1750 1556 etiarn
1776 1483 1890 1580 quod·

693 1581 774 1657 dam
792 1579 906 1676 copim
927 1577 1126 1674 exemplum
1145 1573 1363 1650 auditoribus
1381 1625 1393 1660 ,
1417 1577 1461 1652 ad
1487 1597 1592 1672 quam
1615 1580 1818 1672 quotidiana
1841 1576 1892 1658 ns-

692 1673 838 1752 suefasii
853 1671 1127 1756 consuetudine,-
1137 1667 1270 1746 necesse
1285 1667 1334 1746 est
1349 1691 1389 1744 ιιι
1408 1671 1445 1748 bt
1462 1669 1527 1768 ipii
1537 1669 1716 1769 profertur
1729 1679 1892 1774 quaedam

689 1775 907 1852 ¹incrementa
929 1767 1088 1844 sentiant.
1137 1765 1229 1844 Ciun
1251 1767 1341 1843 veru
1359 1765 1567 1865 potiffituum
1593 1767 1745 1846 officium
1771 1773 1891 1852 literas

696 1871 858 1948 docentis
884 1867 921 1938 in
941 1861 1148 1960 explicanda
1173 1859 1360 1942 verborum
1384 1865 1603 1959 proprietate
1624 1863 1806 1954 consistat,
1830 1889 1892 1944 ne·

690 1969 824 2040 nninem
847 1959 1014 2074 sanbego
1029 1956 1171 2057 usquam
1200 1957 1341 2074 audivi,
1367 1959 1492 2056 quiea
1517 1961 1555 2034 id
1578 1958 1685 2074 faciat
1709 1963 1893 2076 diiigentia

700 2057 1106 2244 &iiiiii-imi
1123 2053 1569 2230 iuditium
1582 2059 1894 2254 ”indi‘i'dffii'i

694 2256 798 2328 ilium
821 2253 875 2324 ori
902 2249 1011 2337 inem,
1038 2269 1214 2346 etymon,
1237 2251 1557 2348 proprietatemque
1580 2251 1673 2325 intro
1692 2253 1731 2325 id
1754 2275 1894 2352 tempus

701 2349 874 2446 explicuv'
904 2345 1161 2421 ememinerim.
1185 2343 1428 2434 Quamobrem
1444 2344 1719 2422 adolescentibue
1734 2349 1803 2428 tuis
1818 2371 1894 2424 tan·

698 2446 731 2518 ti
757 2447 827 2519 viri
848 2441 1014 2518 audiendi
1039 2438 1177 2516 occasio
1202 2443 1298 2516 nenti
1323 2463 1403 2515 uam
1427 2441 1636 2540 negligenda
1654 2440 1721 2518 eise
1741 2445 1892 2524 videtur.

701 2539 841 2616 Privata
858 2559 916 2616 tua
936 2537 1105 2649 institutio
1120 2559 1190 2612 non
1206 2465 1325 2636 potest
1344 2537 1431 2648 mihi
1457 2535 1660 2634 displicere.
1680 2541 1730 2620 rui
1757 2540 1893 2632 Carine,

702 2635 835 2714 tantum
854 2637 942 2711 illud
968 2635 1073 2710 velun
1097 2633 1271 2712 interdum
1294 2653 1449 2730 cogitet,
1475 2631 1555 2710 edm
1570 2637 1722 2732 Georgius
1739 2638 1894 2712 Hermun-

601 2769 640 2803 νι-
703 2757 761 2806 rtur
786 2734 940 2808 nondurn
957 2729 1070 2808 secum
1092 2729 1328 2817 constituerit,
1354 2725 1441 2806 iitne
1459 2727 1597 2827 semper
1621 2729 1733 2810 filium
1755 2731 1776 2776 *
1797 2736 1895 2830 apud

558 2843 622 2884 uum
702 2828 815 2906 studia
831 2831 1034 2918 relisburua,
1058 2847 1162 2924 atque
1186 2845 1226 2902 ut
1244 2825 1825 3018 poglilaatinaeJlingupcippdlmenta
1843 2831 1896 3004 dap:

1262 2945 1295 2998 cr
1348 2945 1447 3008 nm,
1491 2945 1561 3000 urit
1660 2949 1736 3012 cet,
1760 2945 1820 3002 aut

698 3027 810 3098 terius
832 3043 914 3097 arus
926 3072 937 3108 ,
971 3019 1228 3120 persequatur:
1261 3019 1349 3094 iliud
1382 3019 1468 3098 mihi
1491 3022 1637 3095 maxime
1667 3021 1896 3102 adolescentie

704 3120 826 3196 studiis
852 3116 1052 3194 conducere
1074 3118 1110 3190 in
1131 3139 1269 3192 omnem
1294 3133 1460 3190 eventum
1489 3117 1630 3200 videri,
1664 3138 1704 3194 nt
1769 3143 1897 3198 amma-

699 3218 791 3292 ·ticee
819 3214 1023 3290 rudimentis
1055 3211 1211 3316 perfeiid
1246 3211 1432 3290 imbuetur.
1457 3303 1465 3320 ι
1492 3211 1578 3302 Quo
1602 3213 1698 3290 illum
1729 3217 1831 3296 altero
1852 3241 1899 3294 ex

705 3311 835 3388 scholis
848 3311 1037 3390 ,utilitatem
1066 3308 1220 3398 adserat,
1242 3307 1342 3406 quod
1365 3309 1505 3383 latinam
1524 3311 1678 3404 linguam
1696 3311 1746 3388 ita
1766 3314 1898 3394 didice-

703 3410 777 3490 rit,
809 3429 850 3480 ut
873 3408 909 3482 in
932 3407 1030 3480 omni
1053 3402 1219 3492 fortuna,
1248 3427 1292 3480 ac
1314 3406 1351 3478 in
1379 3425 1520 3481 omnem
1541 3425 1682 3484 aetntem
1706 3409 1744 3486 &
1767 3410 1899 3491 hereat

704 3504 854 3600 usuique
875 3499 1011 3578 exutae
1061 3498 1303 3596 Quamobrem
1321 3497 1505 3588 suaserim,
1531 3522 1571 3576 ut
1590 3503 1628 3575 id
1645 3519 1783 3604 tempus
1798 3511 1898 3605 quod

705 3599 940 3678 Astronomiae
959 3597 1160 3694 caeterisque
1182 3595 1312 3674 artium
1328 3595 1519 3696 depunsti,
1545 3600 1582 3671 in
1604 3603 1826 3696 grammatica
1849 3607 1900 3681 le·

733 3699 897 3793 endisque
916 3694 1033 3770 latinis
1058 3693 1284 3779 authoribus,
1310 3693 1348 3766 dt
1372 3694 1574 3782 audiendis,
1596 3699 1644 3770 im
1673 3701 1800 3776 endere
1818 3723 1899 3778 eum

707 3723 816 3870 burs:
842 3793 934 3870 unde
950 3813 1039 3890 pure
1054 3791 1223 3892 loquendi
1238 3785 1277 3864 dt
1301 3785 1473 3866 scribendi
1488 3791 1595 3869 latine
1653 3816 1712 3872 um
1729 3793 1793 3874 fibi
1804 3819 1899 3874 com·

707 3913 820 3988 paret.
870 3889 967 3964 Haec
992 3889 1041 3963 ita
1067 3907 1204 3974 tamen,
1230 3885 1278 3962 rui
1300 3887 1435 3970 Carine,
1461 3885 1595 3978 scribo,
1620 3913 1693 3966 non
1717 3892 1898 3990 quodtuis

707 3985 856 4063 consiliis
889 3981 1146 4078 rationibusque
1175 3983 1321 4058 mudum
1354 3977 1577 4076 prescribere
1607 3988 1742 4073 velim,
1772 3987 1833 4066 sed
1858 4015 1900 4068 ut

707 4103 818 4156 meam
844 4082 889 4155 ad
914 4101 952 4154 te
976 4079 1222 4175 perscribendo
1245 4076 1473 4166 sermonum,
1507 4081 1721 4156 honestiiiinri
1746 4087 1902 4182 mihique

703 4177 890 4256 amieiiiimi
906 4177 1031 4274 Georgii
1053 4177 1229 4250 Hermaani
1243 4175 1418 4249 voluntati
1440 4175 1619 4274 obsequar.
1644 4177 1788 4272 Jums
1803 4182 1898 4256 Geor·

701 4281 777 4372 gius
815 4272 970 4370 pristina
999 4270 1130 4348 sanitati
1157 4267 1360 4362 restitutus,
1389 4267 1417 4346 'a
1448 4293 1592 4371 parente
1615 4291 1798 4350 revocatur
1821 4277 1897 4364 est,

693 4373 770 4447 ‘nec
789 4393 871 4446 eum
895 4367 1045 4446 arbitror
1067 4369 1138 4444 huc
1165 4370 1355 4447 rediturum
1381 4365 1458 4450 esse.
1509 4369 1566 4448 Ad
1589 4369 1711 4448 nunna
1740 4368 1777 4450 se
1801 4372 1900 4452 adfu-

1590 4473 1898 4550 ''tuml
