4680 5828
573 3786 576 3792 ’
694 3830 722 3867 ,,
739 3787 896 3864 Conseil,
918 3783 956 3854 δι
976 3801 1117 3851 mourut
1137 3805 1156 3852 a
1175 3785 1306 3874 Bruges
1332 3807 1376 3856 en
1402 3793 1468 3858 l’an
1495 3798 1588 3873 1526.
1607 3796 1670 3881 gist
1691 3817 1735 3866 en
1761 3797 1783 3866 l’

690 689 747 795 42
805 669 1041 770 vunnu
1068 695 1137 766 nr
1166 649 1839 788 AYTTAZUICH'EMI

691 855 853 932 conditio
876 877 946 932 non
963 855 1154 944 convenit,
1171 855 1267 932 aliud
1284 857 1497 956 expedlabat
1522 868 1660 963 patria,
1693 875 1788 950 aliud
1804 882 1901 955 vole·

693 955 755 1032 bat
787 971 922 1038 mater,
957 953 1029 1027 alid
1062 975 1127 1026 nos
1165 954 1407 1030 tendebamus.
1466 961 1562 1057 Quae
1604 967 1690 1041 mibi
1730 973 1900 1072 deinceps

693 1049 832 1126 occasio
871 1047 1030 1126 colendae
1063 1071 1178 1124 tecum
1211 1053 1423 1130 amicitiae?¹
1453 1056 1548 1156 Quae
1581 1065 1746 1160 voluptas
1783 1070 1899 1146 absen-

693 1167 732 1222 te
756 1145 892 1242 semper
914 1171 958 1222 eo
983 1169 1086 1242 quem
1117 1151 1223 1222 amo?
1257 1147 1355 1243 Quin
1380 1147 1406 1222 fi
1436 1169 1478 1228 tu
1507 1156 1581 1232 illic
1604 1159 1737 1236 haerere
1778 1166 1898 1246 decre·

695 1243 794 1327 visti,
819 1244 938 1318 delere
969 1264 1005 1316 te
1036 1243 1082 1317 de
1106 1243 1224 1318 animo
1248 1243 1384 1332 debeo,
1409 1245 1489 1324 edm
1515 1275 1584 1349 ego
1611 1257 1745 1331 dudum
1772 1261 1816 1339 de
1840 1277 1902 1342 tu'o

694 1337 857 1415 excidisse
881 1340 967 1414 mihi
996 1337 1146 1424 videar,
1179 1336 1220 1413 dr
1246 1339 1328 1416 cium
1350 1365 1422 1418 non
1445 1347 1568 1444 possim
1591 1351 1653 1427 nisi
1679 1377 1759 1430 cum
1801 1362 1903 1437 dolo.

693 1459 734 1511 re
751 1438 790 1513 δι
809 1434 961 1514 sortunae
982 1456 1056 1509 tuae
1081 1436 1118 1510 dr
1141 1437 1321 1526 amicitiae,
1354 1464 1423 1538 qua
1447 1467 1635 1542 numquam
1659 1449 1729 1524 frui
1752 1462 1902 1555 amplius

692 1551 851 1630 potero,
874 1530 1074 1606 meminisse.
1133 1529 1233 1622 Quid
1261 1533 1311 1607 est
1336 1559 1400 1610 cur
1424 1563 1481 1614 me
1508 1543 1544 1614 in
1570 1565 1698 1620 vanum
1717 1557 1899 1632 eruerem?

693 1627 878 1720 Quantam
902 1650 959 1714 tu,
986 1629 1034 1701 mi
1058 1629 1189 1715 Caroli,
1221 1626 1397 1707 fortunam
1431 1639 1616 1734 negligis?
1648 1642 1745 1718 Nam
1776 1648 1802 1722 sr
1829 1675 1904 1726 om-

690 1729 777 1802 nino
799 1728 949 1800 animum
973 1725 1017 1798 ad
1047 1745 1122 1798 rem
1144 1725 1302 1800 uxoriam
1324 1729 1478 1819 habeas,
1503 1734 1585 1827 post
1608 1740 1745 1835 aliquot
1771 1768 1905 1838 annos,

691 1823 755 1898 ubi
775 1825 950 1898 literarum
968 1817 1143 1907 studium,
1166 1821 1203 1893 in
1221 1845 1296 1918 quo
1313 1847 1394 1901 cum
1413 1825 1644 1907 admiratione
1658 1840 1813 1914 omnium
1826 1865 1902 1918 tan·
1957 1889 1965 1900 ·

690 1937 766 1994 tum
783 1916 982 2016 profecisti,
1012 1915 1175 1990 foeliciter
1187 1917 1398 2012 absolveris,
1423 1923 1486 1997 ubi
1511 1923 1549 1998 in
1570 1931 1721 2026 patriam
1748 1938 1901 2031 redibis,

596 2059 602 2066 -
719 2017 774 2089 uis
790 2038 827 2090 te
846 2039 918 2089 non
936 2034 1102 2111 generum
1119 2013 1192 2088 illic
1209 2037 1373 2113 expetat,
1399 2019 1460 2092 ubi
1472 2025 1580 2116 patris
1605 2023 1682 2124 (4)
1710 2031 1899 2129 clarillimi,

690 2039 853 2210 {quirin
879 2109 1098 2204 Caesareique
1116 2107 1318 2202 consiliarii,
1343 2117 1387 2190 de
1410 2113 1576 2195 Flandria
1593 2141 1654 2198 tua
1678 2129 1815 2223 optimd
1830 2159 1900 2210 me·

690 2213 749 2286 riti
758 2261 771 2298 ,
795 2209 961 2284 memoria
979 2207 1094 2281 adhuc
1113 2229 1233 2281 recens
1257 2209 1334 2287 est‘.²
1353 2209 1428 2285 Ubi
1445 2234 1483 2288 tu
1499 2213 1674 2295 fortunam
1686 2223 1841 2303 habesin
1858 2253 1899 2307 ea

690 2307 796 2384 etiam
810 2307 974 2402 regione,
1001 2325 1083 2401 quae
1106 2300 1307 2379 divitiarum
1322 2309 1463 2384 nomine
1480 2315 1592 2406 prima
1606 2319 1784 2413 censetur,
1808 2328 1899 2403 ultra

688 2405 871 2500 vulgarem
895 2403 1037 2475 modum
1063 2398 1085 2471 s
1103 2401 1307 2490 lendidam,
1334 2405 1398 2479 ubi
1424 2426 1479 2480 tot
1503 2414 1803 2510 propinquorum,
1829 2423 1901 2496 uffi-

689 2501 859 2596 niumque
877 2498 1004 2595 opibus
1087 2498 1243 2571 uentium
1261 2497 1385 2574 favore
1405 2505 1558 2578 munitus
1579 2507 1648 2582 elle
1670 2517 1824 2607 poteris,
1851 2517 1897 2593 ad
2024 2543 2032 2558 ·

689 2597 768 2670 haec
786 2596 903 2670 omnia
921 2593 983 2669 ubi
1000 2613 1061 2668 tua
1077 2590 1235 2668 dosirina
1252 2597 1413 2670 meritum
1428 2597 1594 2698 consequi
1610 2609 1764 2699 pretium
1781 2633 1898 2708 queat.

687 2689 799 2769 Visne
813 2689 936 2788 ‘quaeso
958 2686 1195 2766 Scholasslcus
1219 2693 1343 2788 aliquis
1368 2695 1524 2792 literator
1549 2697 1645 2788 fieri,
1670 2703 1709 2779 &
1735 2708 1772 2779 in
1788 2710 1899 2804 pistri.

689 2801 775 2865 num
792 2787 935 2884 aliquod
960 2806 994 2862 te
1021 2787 1149 2860 dedere
1172 2785 1352 2862 Taurini?
1384 2790 1485 2886 Quid
1513 2795 1605 2870 enim
1632 2797 1682 2872 est
1709 2809 1806 2896 quod
1824 2809 1897 2885 illic

690 2884 879 3056 expedies?
893 2883 981 2996 'Ubi
994 2903 1034 2956 tu
1053 2882 1190 3051 nuduss,
1208 2883 1459 2996 destitutusque
1478 2892 1576 2964 omni
1593 2898 1894 2988 auxilio,nullum

689 2979 1154 3172 lllllullffibliln
1171 2982 1898 3182 {llll&llllllsslsllnllll

691 3175 856 3271 putabam
879 3198 914 3250 te
932 3193 1003 3249 tam
1017 3171 1201 3263 stolidum,
1219 3174 1280 3272 qui
1295 3177 1382 3253 illud
1400 3181 1459 3255 vel
1473 3181 1511 3254 in
1527 3179 1814 3264 deliberationem
1830 3217 1896 3290 po·

1811 3313 1896 3364 llere

736 3449 803 3540 (4)
825 3449 930 3518 Patris
955 3447 1127 3535 tlorffmi]
1156 3449 1277 3519 Caroli
1298 3452 1464 3538 Suoqueti
1483 3465 1602 3540 pater,
1620 3459 1687 3528 fuit
1704 3459 1895 3548 Antonius,

694 3536 961 3610 Consiliariusin
981 3533 1127 3601 Secreto
1146 3534 1316 3616 Consilio,
1337 3537 1468 3623 dequo
1490 3540 1589 3610 Tomi.
1610 3544 1660 3611 det
1680 3547 1787 3618 borum.
1805 3554 1896 3638 illust.

688 3641 725 3710 p.
745 3639 799 3710 24.
819 3667 841 3699 ,‚
854 3617 985 3686 Mellire
1006 3617 1184 3685 Anthoine
1205 3619 1381 3704 -Sucquet,
1410 3624 1616 3705 Chevalier,
1636 3630 1661 3694 il
1683 3631 1784 3701 estoit
1803 3635 1897 3706 frere

693 3707 783 3784 „de
802 3705 886 3791 Jean
901 3701 938 3770 δι
958 3719 1042 3786 pere
1063 3701 1275 3770 d'Anthoine
1297 3707 1474 3790 Sucquet,
1496 3708 1705 3782 Conseillers
1721 3715 1767 3782 du
1785 3721 1895 3867 {rand

695 3913 723 3950 υ
740 3869 948 3942 Catbedrale
968 3869 1013 3934 de
1035 3867 1071 3936 S.
1087 3869 1227 3946 Donas,
1248 3889 1294 3936 ou
1313 3872 1347 3940 le
1363 3877 1440 3943 voit
1462 3893 1571 3943 encor
1589 3876 1622 3945 sa
1642 3883 1757 3966 pierre
1781 3803 1894 3972 seqlqse

694 3997 721 4032 n
738 3957 855 4026 chrale
889 3966 1080 4020 contenant
1109 3952 1158 4020 ses
1183 3957 1332 4024 armes.''
1375 3959 1414 4024 In
1442 3958 1548 4045 Conp.
1579 3963 1705 4034 chronol.
1726 3967 1895 4064 Episcopor.

692 4039 837 4124 Brugenſs
854 4057 889 4122 p.
911 4054 984 4119 250.
1008 4034 1042 4106 Θ,
1063 4053 1137 4116 251.
1158 4037 1308 4104 refertur
1327 4041 1399 4126 ejus
1420 4043 1632 4126 epitaphium
1650 4051 1717 4115 ela
1743 4054 1799 4120 rde
1816 4059 1899 4142 jux-

695 4132 732 4189 ta
768 4125 894 4190 odeum
922 4117 1074 4186 eccleslae
1095 4119 1333 4201 Cathedralis,
1360 4127 1419 4193 ubi
1447 4143 1555 4222 annus
1580 4130 1693 4197 obitus
1716 4069 1893 4208 diennium

695 4205 886 4290 discrepat:
913 4203 1131 4285 „sepulture
1158 4205 1202 4271 de
1225 4207 1358 4273 Mefflre
1379 4207 1554 4278 Anthorne
1582 4212 1729 4293 Sucket,
1752 4218 1892 4287 Cheva-

694 4329 720 4365 „
737 4291 819 4365 lier,
839 4288 877 4402 dr
906 4286 1098 4355 Conseiller
1118 4287 1395 4400 del'Enqpereur
1411 4291 1555 4359 Charles
1580 4295 1709 4441 (quint,
1732 4301 1792 4382 qui
1809 4303 1896 4370 tres-

692 4413 718 4532 :·:
735 4373 933 4535 aula
959 4369 1778 4550 lidbiralli?buildbrlllffllr
1795 4387 1895 4558 llll:

690 4580 717 4618 ,‚
733 4541 766 4612 le
785 4545 838 4612 26.
864 4537 1093 4610 d’ooobre”
1496 4557 1498 4568 ⁴
