4680 5828
664 657 721 748 26
775 647 1804 756 V1GL11rrAYTTAZUICHEM1

664 848 804 922 vultum
823 844 914 919 ferre
931 861 1092 939 nequeat.
1117 839 1181 930 Id,
1203 841 1266 915 ubi
1288 841 1367 916 istas
1384 841 1606 917 verecondiae
1624 841 1777 920 habenas
1786 869 1869 944 per·

663 941 772 1038 fregi,
786 964 896 1037 cogor
906 939 989 1028 tibi,
1001 939 1133 1035 optime
1151 955 1366 1033 praeceptor,
1381 939 1473 1012 clare
1489 935 1615 1027 fateri,
1631 943 1745 1016 necin
1763 947 1866 1018 aliam

591 1106 595 1116 .
664 1059 803 1136 partem
821 1039 926 1112 velim
953 1034 1190 1131 interpreteris
1216 1055 1327 1106 meam
1351 1036 1633 1110 taciturnitatem.
1683 1035 1744 1112 Sic
1768 1043 1866 1136 cogi·

667 1137 794 1208 tabam.
828 1131 1032 1206 Scribamne
1057 1129 1101 1204 ad
1127 1129 1318 1202 Dosiorem
1342 1129 1532 1222 Jacotumt
1556 1129 1624 1204 Sed
1668 1133 1727 1206 uid
1744 1152 1866 1228 tanto„

666 1237 738 1305 tani
753 1229 842 1302 bene
857 1229 900 1302 de
917 1250 973 1301 me
988 1229 1134 1310 merito,
1148 1244 1219 1298 tam
1235 1221 1450 1318 sngulariter
1469 1227 1607 1300 erudito
1662 1229 1743 1304 iro?
1769 1230 1867 1325 Qua·

668 1346 819 1423 propter
842 1325 960 1399 multis
983 1321 1096 1396 modis
1125 1321 1270 1416 gratiam
1290 1319 1383 1414 apud
1409 1344 1464 1393 me
1491 1321 1569 1395 iniit
1591 1343 1651 1397 tua
1676 1327 1866 1420 humanius

669 1444 728 1496 ma
751 1417 923 1516 epistola,
956 1417 1037 1492 ciam
1062 1417 1160 1514 quod
1183 1419 1277 1488 hune
1299 1417 1479 1510 pudorem.
1495 1417 1581 1492 mihi
1605 1421 1765 1506 excussit,
1790 1445 1866 1496 tum
2003 1439 2009 1450 ·

669 1518 796 1601 etiam,
823 1516 919 1613 quod
940 1535 1034 1588 tuam
1059 1536 1141 1608 erga
1164 1533 1219 1584 me
1242 1509 1495 1604 benignitatem
1525 1512 1710 1681 exposuit,
1735 1517 1771 1591 δι
1796 1521 1866 1591 ani·

670 1634 765 1700 mum
780 1632 892 1683 meum
909 1612 954 1683 ad
972 1608 1084 1682 studia
1101 1608 1222 1682 erexit.
1273 1603 1352 1677 Oro
1375 1605 1483 1700 igitur
1508 1629 1547 1682 ut
1575 1612 1733 1684 alentium
1753 1635 1867 1708 meum

670 1708 708 1780 in
729 1707 905 1780 meliorem
928 1727 1062 1802 partem
1079 1703 1254 1796 accipias,
1280 1701 1563 1799 quandoquidem
1588 1729 1656 1800 ego
1675 1705 1718 1778 de
1737 1705 1867 1783 affesiu
1919 1773 1920 1776 ,

671 1825 751 1876 meo
765 1802 853 1874 nihii
867 1823 949 1896 erga
967 1821 1002 1874 te
1022 1799 1172 1872 mutavi:
1198 1798 1242 1869 de
1262 1817 1332 1889 quo
1352 1815 1465 1870 tamen
1482 1817 1521 1870 tu
1537 1799 1696 1874 dubitare
1711 1803 1868 1892 videris,

671 1895 918 1992 consanguinei
943 1895 1011 1969 mei
1036 1893 1110 1988 (a)
1136 1893 1197 1988 qui
1211 1912 1305 1964 tuam
1322 1892 1502 1990 epistolam
1520 1895 1690 1978 reddidit,
1714 1894 1868 1973 sermone

672 1997 710 2067 in
726 1995 926 2066 nonnullam
942 1991 1171 2086 suspicionem
1188 1985 1365 2062 addusius.
1398 1987 1514 2061 Tuam
1529 2011 1645 2064 autem
1662 1993 1698 2062 in
1719 1995 1868 2073 amando

672 2112 728 2162 me
751 2089 975 2161 constantiam
999 2084 1079 2159 ciam
1101 2083 1225 2168 laudo,
1250 2105 1324 2157 tum
1337 2085 1432 2158 illius
1452 2084 1681 2161 temeritatem
1696 2089 1868 2181 admiror,

673 2185 712 2261 δι
729 2181 871 2279 presens
886 2185 987 2256 etiam
1003 2180 1272 2275 increpavi,cor
1288 2181 1332 2252 de
1348 2202 1391 2254 eo
1409 2179 1503 2273 quod
1519 2177 1591 2274 ipse
1606 2184 1784 2277 ignoraret
1800 2207 1870 2260 tarn

672 2278 805 2356 temere
829 2299 944 2352 recum
966 2276 1070 2353 suerit
1091 2279 1229 2350 locutus
1254 2273 1339 2370 (3).
1372 2275 1518 2371 Semper
1534 2297 1649 2352 autem
1673 2280 1717 2352 de
1743 2301 1779 2355 te
1798 2307 1871 2356 non

674 2375 782 2451 modo
798 2373 991 2448 honorifice
1005 2373 1077 2445 snm
1095 2372 1260 2454 loeutus,
1284 2368 1342 2443 sed
1364 2371 1467 2446 etiam
1485 2368 1580 2446 sensi.
1632 2374 1732 2470 Quid
1756 2400 1870 2452 autem

675 2469 809 2546 sensisse
818 2493 874 2546 me
891 2467 1011 2552 disin?
1037 2468 1115 2541 Imb
1139 2464 1270 2540 summa
1291 2466 1517 2538 admiratione
1532 2469 1731 2562 prudentiae
1751 2474 1871 2546 tuaein

676 2587 826 2662 utraque
848 2567 938 2663 juris
961 2565 1133 2661 palestra,
1159 2561 1364 2639 eruditionis
1386 2563 1423 2632 in
1446 2567 1581 2644 caeteris
1605 2564 1736 2650 literis,
1760 2569 1872 2641 virtu&

677 2683 753 2738 tum
767 2667 803 2736 in
825 2663 918 2734 omni
933 2667 1027 2744 vita,
1051 2661 1140 2733 adeo
1163 2660 1207 2731 ad
1236 2679 1271 2731 te
1291 2653 1504 2750 diligendum
1532 2677 1638 2754 atque
1663 2660 1871 2756 amplesien·

679 2761 762 2834 dum
782 2759 833 2832 fui
855 2756 1103 2838 inflammatus,
1130 2773 1170 2826 ut
1190 2753 1228 2830 in
1252 2771 1479 2848 patronorum
1493 2773 1650 2828 meorum
1666 2755 1745 2830 albo
1762 2755 1800 2830 ἃ
1814 2785 1870 2833 or·
1981 2761 1985 2768 '

679 2856 760 2932 dine
789 2856 938 2950 primum
962 2854 1027 2926 tibi
1057 2850 1191 2944 semper
1222 2851 1337 2921 locum
1367 2847 1609 2944 assignaverim.
1670 2849 1763 2926 Cum
1785 2877 1873 2929 vero

678 2951 839 3046 paginam
856 2970 1081 3044 acceptorum
1096 2945 1140 3018 ab
1163 2945 1280 3018 amicis
1301 2941 1551 3017 beneficiorum
1578 2967 1724 3042 reputo,
1749 2973 1873 3026 nona·

681 3047 751 3122 lius
774 3043 845 3134 est,
869 3049 929 3147 qui
940 3045 1101 3143 pluribus
1120 3043 1176 3117 vel
1187 3040 1404 3138 gravioribus
1417 3041 1773 3134 nominibus,mesibi
1785 3049 1874 3120 obli.

1755 3164 1874 3237 garum

727 3335 789 3418 (a)
814 3332 1028 3418 consanguinei
1040 3328 1132 3415 mei]
1157 3329 1245 3414 Quis
1265 3329 1322 3396 ilie
1343 3327 1406 3406 sit,
1435 3329 1517 3394 mihi
1538 3327 1586 3396 est
1606 3331 1873 3416 incompertum.
1964 3383 1966 3386 -

684 3420 754 3486 Sed
772 3417 897 3482 Retricm
916 3437 935 3479 a
956 3413 1124 3480 Burmann
1143 3413 1242 3480 Dolae
1271 3427 1399 3497 agens,
1432 3411 1531 3494 Viglio
1552 3414 1770 3498 significarat,
1790 3421 1872 3501 quid

685 3503 730 3569 de
753 3499 824 3584 ipso
850 3498 981 3564 Dotior
1006 3495 1138 3580 Jacobrs
1170 3495 1323 3562 sentiret.
1362 3493 1419 3560 Ad
1440 3513 1541 3576 quem
1567 3495 1777 3575 rescribens,
1805 3503 1871 3570 ait:

683 3625 709 3662 „
726 3583 806 3650 Non
820 3581 940 3649 recuso
962 3599 1038 3646 eum
1053 3597 1185 3653 amare,
1207 3578 1311 3643 modo
1325 3579 1410 3650 talis
1433 3577 1489 3655 stt,
1510 3581 1644 3662 qualem
1659 3596 1697 3647 tu
1715 3601 1794 3648 eum
1808 3587 1873 3654 esse

684 3705 710 3742 „
727 3665 860 3740 scribis,
881 3664 917 3730 δι
940 3681 1004 3746 ego
1024 3676 1119 3744 opto.
1141 3661 1199 3726 Me
1223 3661 1302 3726 sane
1322 3659 1536 3741 gratissimum
1552 3663 1777 3747 discipulum,
1801 3670 1874 3735 lau-

684 3751 874 3830 „dumque
901 3745 1033 3812 suarum
1084 3759 1242 3808 atronum
1266 3743 1420 3817 babebit,
1443 3743 1464 3806 s
1487 3746 1815 3828 vicisimcandide,
1836 3752 1875 3821 dc

685 3873 711 3909 ,‚
727 3832 843 3898 studiis
860 3831 966 3906 meis,
989 3827 1026 3895 δι
1063 3845 1148 3892 amae
1168 3825 1295 3892 faveat.
1321 3826 1414 3891 illius
1434 3827 1525 3895 enim
1548 3829 1778 3898 eruditionem
1797 3838 1877 3920 plu-

685 3915 805 3994 „rimi
823 3912 927 3979 facio.
966 3911 1021 3976 De
1038 3911 1153 3975 animo
1175 3926 1255 3994 erga
1278 3926 1333 3973 me
1354 3908 1442 3974 illius
1457 3907 1591 3993 semper
1608 3913 1782 3991 dubitavi,
1803 3937 1876 3986 nou

685 4036 712 4074 ,‚
728 3997 833 4064 modo
863 4013 943 4062 curn
968 3994 1040 4059 illic
1067 4009 1237 4075 agerem,
1268 3991 1304 4058 &
1325 3990 1472 4074 praesens
1493 3993 1657 4078 ambiguis
1678 3999 1876 4080 quibusdam

564 4153 568 4164 ,
685 4119 712 4156 „
728 4079 825 4165 signis
846 4075 1121 4144 malevolentiam
1140 4073 1240 4157 ipsius
1255 4074 1471 4160 colligerem,
1492 4075 1549 4142 sed
1568 4077 1798 4166 multomagis
1816 4085 1875 4150 ab·

728 4159 840 4229 fenest
883 4158 965 4226 Tora.
1007 4205 1016 4226 .
1056 4177 1107 4223 a.
1170 4207 1179 4223 .

589 4251 593 4261 “
685 4203 712 4240 ”
727 4243 791 4328 (3)
812 4240 928 4308 ranna
945 4173 1056 4306 retiamp
1103 4173 1169 4304 mi?
1187 4237 1302 4304 brutus
1352 4237 1442 4322 Quae
1467 4235 1527 4303 ista
1547 4239 1721 4308 temeritas
1747 4243 1877 4326 suerit,

684 4327 767 4395 colli
790 4343 873 4393 oex
891 4325 943 4391 his
961 4341 1037 4406 quae
1056 4321 1101 4388 de
1121 4321 1252 4389 Durine
1307 4321 1395 4404 igliur
1415 4320 1526 4388 subdit
1543 4321 1611 4387 loc.
1632 4322 1692 4390 cit.
1713 4328 1809 4399 „De
1831 4350 1878 4398 eo

684 4449 712 4488 „=
727 4343 835 4494 ipsum
854 4407 1027 4492 indignari
1047 4404 1150 4478 fero,
1194 4403 1266 4472 uod
1287 4403 1440 4474 Atriorum
1461 4404 1550 4470 tanti
1572 4422 1637 4489 ego
1656 4405 1791 4480 faciam.
1831 4413 1878 4484 Et

683 4531 711 4572 „
727 4490 814 4563 nom
834 4489 1087 4578 consequenter
1106 4422 1210 4572 illusa
1230 4486 1368 4576 Figulus
1389 4485 1525 4556 invidet
1545 4486 1661 4574 figulo.
