4742 5814
700 597 786 694 274
821 573 1052 676 vroun
1080 595 1146 667 m
1174 573 1430 670 suurn
1459 545 1830 678 zurcunnr

703 775 779 834 tum
794 756 1005 841 connivere,
1030 753 1087 828 sed
1113 755 1218 830 etiam
1241 755 1383 853 publice
1407 751 1564 834 assentire
1589 760 1771 838 horrendis
1783 783 1903 840 eornm

706 851 879 948 dogmatis
908 871 1024 944 cogar.
1073 851 1122 924 Et
1145 855 1215 926 hoc
1238 873 1348 948 genus
1369 849 1690 944 Concionatorum,
1710 861 1787 932 aliis
1813 863 1907 938 litte·

708 969 827 1022 rarum
849 947 997 1042 ignaris,
1022 949 1117 1042 quod
1134 945 1202 1021 suae
1226 971 1297 1021 non
1323 945 1543 1044 acquiescant
1569 949 1767 1040 sententiae,
1793 955 1908 1030 levius

708 1041 950 1138 indignantur:
975 1043 1011 1114 in
1036 1045 1188 1119 mevcrd
1205 1045 1267 1142 qui
1284 1045 1328 1116 ali
1355 1045 1425 1117 uod
1441 1047 1476 1116 in
1495 1048 1618 1119 litt'eris
1635 1071 1760 1121 nomen
1772 1051 1907 1140 habeo,

709 1135 949 1236 expugnando
975 1161 1113 1212 omnem
1148 1162 1292 1234 operam
1385 1142 1549 1236 diumque
1589 1143 1749 1217 collaturi
1789 1143 1905 1226 essent.

709 1233 870 1324 Quando
894 1233 997 1307 etiam
1022 1236 1188 1331 proximis
1207 1237 1343 1307 annisa
1370 1239 1486 1310 multis
1514 1237 1709 1312 celebribus
1725 1241 1810 1312 viris
1836 1264 1907 1317 non

707 1327 825 1420 levem
842 1331 1007 1424 impetum
1030 1327 1187 1404 sustinuit
1214 1327 1376 1404 adversus
1402 1355 1490 1428 quos
1508 1351 1620 1406 tamen
1638 1357 1693 1407 me
1716 1332 1819 1408 semel
1833 1361 1909 1414 mu·

549 1508 563 1531 .
711 1430 805 1516 nivi,
829 1425 1038 1517 decrevique
1056 1428 1143 1498 nulli
1161 1449 1265 1501 novae
1288 1427 1456 1503 nourinae
1470 1427 1632 1524 magistro
1659 1453 1787 1504 nomen
1804 1433 1907 1524 darc,

712 1523 752 1596 dr
784 1545 859 1596 eam
890 1518 1025 1619 semper
1058 1520 1153 1618 sequi
1192 1521 1409 1612 Ecclesiam,
1451 1545 1531 1619 quae
1563 1525 1903 1621 Antiquissrmorum,

629 1653 635 1660 ·
710 1615 1010 1706 fanffiffimorun,
1037 1617 1075 1694 &
1107 1619 1237 1713 pariter
1263 1617 1530 1692 dosiiffimorum
1560 1618 1740 1696 bominum
1773 1619 1908 1698 Ortho

651 1783 664 1810 ,
711 1715 812 1791 doxis
826 1713 1094 1788 authoritatibus
1110 1711 1249 1792 suffulta
1272 1713 1331 1788 est.
1379 1713 1438 1787 Ex
1463 1719 1517 1788 his
1543 1718 1786 1793 animadvertis
1811 1721 1908 1798 baud

712 1809 877 1896 obscure,
902 1808 951 1880 mi
972 1809 1170 1893 Hermanno,
1195 1833 1265 1882 non
1283 1809 1390 1884 modd
1421 1812 1518 1906 quod
1539 1835 1653 1884 meum
1681 1811 1722 1886 fit
1776 1815 1907 1910 roposr·

711 1925 809 1993 tum,
833 1903 955 1982 verbm
973 1905 1075 1980 etiarn
1094 1905 1178 2001 quid
1203 1929 1258 1978 me
1280 1905 1468 2000 impediat,
1494 1929 1566 2004 quo
1582 1910 1696 1982 minus
1769 1911 1907 2007 ignifici

710 1998 858 2080 Domini
882 2002 920 2079 &
944 1999 1090 2075 Patroni
1112 2003 1179 2076 mei
1204 2005 1337 2076 Antonii
1358 2004 1495 2097 Fuggeri
1519 2001 1651 2098 perfrui
1676 2005 1930 2084 beneficentii-

712 2123 859 2196 qoeam,
884 2119 944 2173 aut
964 2097 1058 2192 apud
1080 2119 1157 2173 eum
1173 2100 1324 2193 aliquam
1343 2095 1479 2194 sperare
1494 2100 1731 2173 conditionem
1749 2101 1906 2178 audeam.

711 2193 776 2274 llle
801 2197 893 2271 enim
907 2196 943 2268 id
963 2192 1105 2268 fortaffis
1128 2196 1286 2288 inprimis
1304 2196 1421 2282 volet,
1443 2207 1483 2266 ut
1498 2193 1577 2267 cuim
1588 2195 1632 2270 ad
1650 2193 1755 2291 ipsius
1770 2221 1826 2272 me
1843 2199 1906 2274 ob·

711 2293 828 2390 sequia
848 2289 1076 2386 obstringam,
1102 2291 1196 2388 apud
1217 2287 1406 2386 Augustam
1430 2289 1513 2364 mibi
1529 2293 1565 2377 in
1582 2293 1645 2363 reli
1672 2315 1751 2366 uam
1766 2315 1904 2369 omnem

711 2393 820 2462 vitam
836 2389 1050 2462 domicilium
1073 2384 1299 2474 constituam,
1323 2407 1467 2462 uxorem
1480 2387 1530 2460 ibi
1545 2315 1688 2463 subinde
1704 2388 1847 2482 ducam,
1865 2391 1903 2466 &

710 2481 838 2558 Patriae
870 2485 1082 2560 renunciem.
1134 2483 1243 2578 Quod
1278 2505 1341 2556 cur
1365 2480 1481 2558 facere
1509 2481 1626 2558 adhuc
1648 2507 1836 2582 nequeam,
1860 2510 1905 2564 ex

710 2577 885 2678 praedislis
901 2576 1179 2654 animadvertisti.
1204 2579 1349 2652 Monuit
1366 2600 1422 2650 me
1440 2579 1628 2672 aliquando
1645 2581 1760 2657 obiter
1774 2581 1819 2655 D.
1835 2584 1905 2657 Aa·

714 2680 816 2750 ionius
834 2675 924 2772 ipse,
951 2698 1065 2749 neme
1082 2693 1208 2748 temere
1234 2673 1293 2746 hic
1317 2672 1362 2746 ad
1390 2675 1530 2768 longius
1554 2689 1692 2772 tempus
1715 2673 1905 2775 obstringe·

710 2791 807 2861 tem,
832 2771 912 2846 etim
931 2772 964 2845 se
983 2771 1067 2844 mihi
1084 2767 1125 2842 ad
1151 2769 1329 2843 meliorem
1349 2769 1584 2844 conditionem
1603 2773 1805 2868 adjumento
1827 2775 1904 2849 fore

739 2870 947 2943 olliceretur.
997 2865 1067 2940 Sed
1094 2885 1208 2938 tamen
1225 2863 1442 2960 idquorsum
1459 2862 1593 2962 spectet
1611 2891 1682 2941 non
1705 2867 1781 2962 satis
1805 2873 1905 2945 inrel-

709 2891 796 3061 iigo.
846 2962 916 3059 lpsr
945 2979 1046 3046 certe¹
1065 2959 1229 3035 inservire
1254 2961 1394 3035 minime
1422 2985 1575 3058 unquam
1597 2963 1798 3055 recusarim,
1823 2965 1903 3041 crim

708 3081 780 3137 non
804 3061 979 3158 ignorem,
1006 3057 1090 3154 quid
1122 3053 1215 3152 ipfi,
1241 3056 1452 3153 quidnobis
1484 3060 1632 3154 denique
1659 3060 1817 3136 omnibus
1843 3064 1902 3136 de·

708 3157 821 3234 beam.
873 3155 944 3230 Sed
968 3158 1029 3228 illa
1053 3155 1189 3228 obstant
1209 3177 1290 3250 qnae
1313 3151 1415 3250 sopra
1435 3155 1559 3228 retuli:
1584 3155 1620 3229 δι
1635 3156 1726 3231 ratio
1751 3161 1836 3230 mihi
1850 3160 1901 3232 in·

709 3253 832 3350 primis
857 3251 1017 3324 habenda
1037 3248 1106 3334 est,
1132 3252 1271 3323 nedum
1287 3254 1420 3323 lucrum
1448 3251 1582 3322 avidius
1608 3250 1725 3325 sellari
1756 3257 1903 3342 videar,

711 3347 967 3420 existimationis
979 3345 1143 3441 jasiuram
1157 3348 1281 3439 patiar.
1329 3343 1479 3418 Funsiio
1494 3343 1673 3420 Alleil'oria
1688 3371 1767 3422 cum
1781 3353 1902 3446 primis

710 3439 854 3517 honesta
875 3437 960 3524 fuit,
987 3441 1237 3536 &quanquam
1260 3438 1449 3536 profitendi
1465 3465 1604 3538 quoque
1630 3443 1807 3538 publicum
1828 3467 1902 3520 mu·
1970 3481 1973 3490 ·

711 3561 777 3614 nus
795 3535 927 3634 semper
944 3533 1011 3610 suit
1023 3538 1215 3624 laudabile,
1232 3535 1405 3630 plerisque
1420 3553 1533 3610 tamen
1548 3536 1641 3613 visus
1653 3537 1726 3613 sum
1743 3541 1787 3614 ab
1804 3545 1902 3638 equis

709 3637 832 3732 (quod
849 3631 998 3730 dicitur)
1022 3635 1066 3706 ad
1084 3631 1192 3706 assnos
1206 3628 1421 3708 descendisse.
1472 3631 1570 3706 Idem
1591 3659 1635 3709 ne
1650 3635 1812 3738 deinceps
1833 3660 1901 3712 ma·

709 3735 765 3832 gis
789 3731 964 3828 magisque
988 3729 1103 3804 facere
1129 3729 1279 3818 videar,
1342 3727 1574 3804 rovidendum
1607 3735 1694 3808 mihi
1727 3734 1787 3808 est.
1833 3733 1902 3809 Sed

709 3827 796 3924 quid
812 3831 954 3902 multis?
979 3827 1016 3898 Si
1034 3845 1161 3898 caetera
1175 3847 1245 3896 non
1260 3825 1307 3899 ob
1360 3845 1457 3910 rent,
1482 3825 1518 3898 δι
1544 3829 1752 3902 D.Antonius
1767 3827 1902 3905 renim

708 3923 912 3999 conditione
930 3917 1163 3997 constituendi
1179 3923 1250 3994 illic
1272 3921 1464 4008 domicilii,
1497 3921 1786 4021 Matrimoniique
1819 3949 1901 4000 con·

705 4019 887 4106 trahendi,
921 4039 1060 4113 operam
1095 4038 1206 4090 meam
1236 4014 1449 4112 requireret,
1474 4017 1511 4092 &
1531 4017 1689 4093 salarium
1719 4022 1901 4094 honestum

707 4111 881 4202 offerret,
904 4109 1040 4198 facilius
1060 4110 1201 4208 quidem
1231 4113 1268 4184 in
1292 4113 1444 4186 animum
1471 4135 1587 4187 meum
1613 4115 1835 4203 inducerem,
1859 4136 1899 4191 ut

706 4211 753 4287 de
773 4208 884 4304 priori
895 4205 1077 4306 proposito
1093 4207 1334 4282 continuandae
1356 4203 1570 4304 proleffionis
1593 4211 1725 4305 aliquid
1748 4212 1900 4284 remitte-

704 4327 790 4384 rem.
840 4301 895 4376 Ut
912 4305 961 4378 est
1004 4326 1086 4378 otro
1099 4301 1316 4398 presentium
1332 4323 1530 4398 temporum
1548 4305 1727 4391 conditio,
1749 4327 1816 4380 neo
1831 4303 1900 4401 ipsi

704 4401 759 4478 D.
792 4399 929 4480 Antonia
995 4422 1093 4502 mpcr
1118 4395 1262 4482 forsitan
1288 4399 1443 4501 Augusta
1476 4397 1642 4502 placebit.
1688 4401 1739 4502 Et
1765 4398 1791 4476 fi
1821 4401 1902 4575 me}

1671 4525 1688 4550 ·
1786 4517 1879 4601 oper
