4680 5828
609 653 691 743 108
719 633 953 732 VIGLII
980 659 1049 728 aa
1077 627 1340 732 AYTTA
1366 633 1747 738 ZUICHEMI

610 820 853 923 parfimoniam
867 821 1078 910 imitaretur,
1102 844 1143 896 ea
1158 821 1248 896 enim
1265 818 1385 896 studiis
1410 821 1636 920 aliquomodo
1650 823 1804 922 profuit:

613 920 695 996 cum
709 921 770 994 iste
788 919 929 1003 omnia,
964 919 1074 993 vetita
1090 920 1227 1012 legibus
1247 921 1348 1009 alea,
1372 917 1516 1016 diffipet.
1564 918 1677 998 Nunc
1700 920 1734 994 se
1762 923 1808 996 ad

613 1015 751 1112 frugem
768 1017 957 1090 rediturum
973 1013 1398 1110 promiiit,officinamque
1421 1013 1670 1092 restituturum.
1695 1015 1809 1092 Loan-

615 1135 672 1185 rus
696 1111 746 1184 illi
771 1133 914 1208 operam
938 1107 1031 1184 suam
1060 1109 1203 1184 obtulit.
1253 1107 1348 1182 Nam
1375 1111 1534 1205 Egnatius
1559 1111 1691 1186 dudum
1715 1116 1809 1188 illius

618 1230 734 1284 mores
751 1205 936 1284 detestatus
961 1208 1032 1289 est,
1056 1206 1132 1280 Aldt‘
1155 1226 1270 1279 tamen
1296 1206 1391 1302 apud
1414 1203 1449 1281 se
1473 1205 1581 1281 filium
1605 1211 1693 1297 alit,
1717 1209 1810 1282 insti·

492 1345 502 1364 ·
618 1307 766 1400 tuitquc
816 1304 902 1398 Julr't'
925 1305 1097 1377 theatrum
1121 1303 1345 1378 vehementer
1377 1302 1497 1388 ridet,
1532 1305 1639 1398 idque
1663 1327 1729 1380 nec
1752 1306 1813 1380 hie

617 1400 781 1570 ignarae,
805 1423 881 1568 neef
895 1399 965 1568 iffi
978 1397 1328 1566 diffimulatzmagna
1350 1401 1444 1511 apori
1461 1398 1619 1526 Venetos
1642 1400 1815 1566 {anicios

621 1521 693 1668 ἷξε
708 1516 915 1666 {ibbarotirianlb
930 1513 1643 1758 aegaee,pagcgribgtagrgrngatenassfiznffien
1651 1495 1816 1669 vecib’abt

624 1687 744 1764 versus
768 1707 803 1762 te
825 1689 983 1784 quaedam
1009 1687 1104 1759 hunc
1119 1687 1249 1780 Jullurn
1299 1687 1438 1760 arnr'llurn
1455 1711 1556 1764 certo
1571 1691 1658 1764 mihi
1671 1689 1817 1764 constat.

628 1783 700 1858 Sed
723 1781 789 1860 scie
813 1807 893 1880 quae
915 1781 957 1855 lit
972 1781 1187 1856 consuetudo
1205 1784 1332 1856 horum
1354 1783 1544 1859 hominum.
1569 1786 1606 1859 Si
1624 1785 1709 1882 quid
1726 1788 1818 1860 enim

624 1879 802 1966 scribunt,
825 1880 994 1954 recitandi
1010 1877 1104 1974 apud
1118 1874 1324 1974 symmystas
1345 1879 1562 1977 voluptatem
1577 1903 1821 1978 aucupantur,

500 2015 505 2028 ·
627 1977 690 2052 ubi
707 1978 866 2050 audiant:
889 1974 1060 2071 pulchre,
1084 1971 1196 2056 bene,
1221 1970 1330 2049 recte.
1387 1973 1615 2071 Prophanum
1635 1979 1724 2053 verb
1743 1979 1822 2052 vul·

628 2097 695 2172 gus
716 2073 897 2168 indignum
915 2069 1125 2159 existimant,
1150 2069 1246 2164 quod
1265 2071 1373 2145 illotis
1397 2073 1556 2146 manibus
1584 2072 1719 2147 divinas
1746 2073 1822 2146 illan

631 2169 889 2245 lucubrationes
917 2168 1120 2240 contreftet.
1171 2163 1221 2238 Et
1242 2165 1357 2259 Julius
1374 2190 1454 2261 quae
1475 2169 1628 2244 scribito
1648 2167 1729 2242 solis
1752 2165 1824 2242 Re·

632 2267 737 2364 gibus
759 2263 950 2360 reginolt,
972 2285 1052 2335 nam
1075 2264 1111 2333 in
1136 2259 1264 2336 Franci
1283 2264 1386 2336 unius
1412 2265 1555 2360 gratiam
1577 2263 1758 2360 operosum
1785 2265 1827 2338 il·

631 2363 694 2440 lud
712 2363 885 2437 theatrum
903 2360 1054 2432 molitur.
1104 2356 1233 2431 Gallus
1254 2377 1387 2446 autern,
1412 2382 1478 2455 per
1500 2384 1603 2456 quem
1618 2361 1678 2438 hlc
1700 2363 1828 2458 primas

635 2479 710 2534 ate
725 2459 841 2531 literas
867 2456 1006 2548 accepi,
1030 2474 1101 2525 non
1124 2457 1227 2527 unius
1245 2456 1315 2527 hoc
1343 2475 1434 2548 opus
1460 2455 1527 2530 else
1549 2459 1620 2543 ait,
1649 2455 1707 2530 sed
1741 2458 1827 2529 mul·

633 2577 771 2640 torum,
790 2550 975 2641 Beddar'cae,
990 2551 1196 2643 Budrlcaeque
1207 2547 1367 2622 factionis
1393 2551 1468 2642 (5)
1495 2553 1733 2646 conjuratione
1743 2575 1827 2624 con·

633 2647 782 2737 fecium,
807 2647 868 2744 qui
891 2669 1000 2719 unum
1014 2649 1049 2719 in
1064 2650 1227 2719 volumen
1245 2641 1427 2718 maledieta
1440 2645 1624 2721 contulere
1640 2648 1707 2723 sua.
1733 2647 1828 2740 Jam-

664 2770 707 2820 ue
725 2747 899 2818 biennium
915 2739 982 2816 elie
999 2741 1130 2828 refert,
1156 2742 1250 2834 quod
1276 2742 1341 2814 tale
1368 2742 1499 2839 aliquid
1523 2747 1639 2821 moliri
1662 2743 1828 2839 quosdam

636 2772 796 2918 pensent:
821 2841 995 2912 nominare
1019 2860 1134 2912 tamen
1149 2839 1320 2910 neminem
1334 2839 1467 2923 voluit,
1491 2841 1622 2914 veritus
1647 2865 1691 2914 ne
1714 2838 1830 2914 deler-

637 2961 725 3013 rem.
773 2936 918 3030 Siquid
945 2954 1038 3010 certe
1061 2934 1285 3021 intellexero,
1310 2955 1381 3006 non
1398 2953 1435 3007 te
1464 2936 1595 3008 celabo.
1649 2936 1759 3031 Quod
1783 2935 1828 3008 ad

638 3036 749 3110 uenat
770 3034 929 3106 notitiam
958 3032 1260 3104 commendatione
1284 3049 1343 3102 tua
1371 3031 1503 3104 aditum
1528 3033 1614 3105 mihi
1633 3033 1829 3126 paraveris,

636 3133 822 3204 maximam
853 3128 967 3202 habeo
990 3127 1147 3222 gratiam.
1196 3125 1311 3200 Antea
1335 3126 1426 3199 enim
1451 3128 1623 3202 neminem
1640 3131 1746 3200 alium
1771 3130 1832 3201 ha·

639 3227 787 3317 bebam,
811 3225 916 3320 quim
940 3229 1060 3318 Legum
1084 3244 1148 3318 per
1170 3244 1274 3316 quem
1302 3223 1356 3294 illi
1387 3220 1656 3296 innotescerem:
1682 3225 1741 3297 cui
1764 3244 1831 3318 ego
1920 3269 1922 3274 -

642 3349 746 3419 quam
766 3326 943 3395 minimum
971 3319 1094 3394 debere
1123 3321 1240 3412 cupio.
1289 3315 1372 3392 Hac
1394 3339 1455 3390 tua
1474 3341 1589 3392 autem
1614 3321 1838 3393 commenda·

642 3425 740 3493 tione
763 3417 895 3502 fretus,
918 3413 998 3490 cltm
1020 3415 1204 3488 amicitiam
1222 3435 1430 3509 operamque
1455 3412 1546 3488 suam
1565 3413 1718 3512 benigne
1751 3417 1836 3489 mihi

645 3517 779 3590 Brmbus
805 3509 967 3600 offerret,
992 3511 1085 3604 coepi
1109 3512 1205 3582 illurn
1231 3513 1275 3584 de
1299 3510 1395 3583 libris
1420 3507 1620 3604 quibusdam
1636 3511 1773 3586 Graecis
1797 3515 1836 3586 in

644 3611 727 3707 Jure
756 3607 865 3684 Civili
893 3608 1129 3700 interrogare,
1179 3607 1239 3702 qui
1277 3603 1441 3679 dicuntur
1471 3607 1508 3680 in
1534 3605 1755 3682 Bibliotheca
1789 3609 1837 3682 D.

645 3710 782 3798 Marci,
816 3705 877 3804 qui
899 3705 983 3778 olim
1007 3699 1193 3798 Bgffutt‘oais
1218 3699 1414 3776 Cardinalir
1439 3699 1513 3800 (6)
1537 3702 1634 3789 fuit,
1657 3701 1837 3814 aliervari,

821 3861 827 3874 .
1782 3822 1841 3874 cur

690 3997 706 4079 (
711 3991 757 4077 5)
779 3991 951 4068 Brddor'cae,
970 3985 1110 4085 Bndor'cof
1152 4007 1166 4054 e
1181 3986 1353 4137 suolonis]
1377 4007 1397 4086 a
1424 3987 1544 4057 Natali
1563 3989 1680 4086 liedda
1700 3988 1842 4057 Ordinis

650 4079 827 4148 Minorum
849 4075 1014 4159 theologo
1034 4073 1110 4139 Parr
1124 4091 1178 4140 ten
1193 4093 1222 4151 1,
1254 4073 1473 4140 denominata
1494 4072 1597 4140 factio
1631 4073 1722 4158 apud
1747 4073 1850 4156 Erus*

500 4199 502 4204 ·
651 4181 733 4229 mum
751 4161 790 4224 in
813 4158 968 4243 Epistolis
992 4158 1106 4223 variis.
1132 4155 1263 4222 Notulr'r
1281 4157 1439 4223 meminit
1459 4156 1589 4222 Mirans
1608 4156 1643 4220 cle
1661 4157 1768 4239 διῆρε.
1780 4157 1843 4241 sec.

651 4241 751 4316 XVI.
766 4260 801 4328 p.
824 4260 895 4324 13¹·
915 4239 985 4306 ellit.
1004 4239 1145 4308 Fabricii.
1185 4239 1293 4306 Porro
1314 4239 1373 4323 qui
1387 4237 1544 4306 Grtr'lielnu'
1561 4238 1669 4303 liudaer‘
1688 4237 1822 4305 studiosi
1833 4281 1846 4314 ,

649 4323 867 4408 fautoresque
876 4323 974 4390 fuere
984 4321 1162 4398 ,Rudaicae
1174 4321 1330 4388 laetioris
1345 4324 1486 4388 nomine
1495 4323 1537 4389 ab
1546 4320 1845 4409 Erosmoperstrin-

652 4422 804 4501 guntur,
825 4407 905 4475 curn
920 4405 1020 4483 alibi,
1043 4418 1117 4472 turn
1138 4405 1292 4583 infrimis
1313 4405 1349 4472 ln
1371 4405 1434 4489 Ep.
1455 4405 1505 4473 M.
1526 4405 1590 4472 111.

696 4491 760 4586 (6)
780 4489 961 4582 Befforr'om's
981 4487 1157 4562 Cordlttolls
1201 4487 1248 4558 V.
1267 4489 1379 4562 Notas
1397 4488 1441 4562 ad
1461 4488 1588 4564 Vitam.
1605 4486 1653 4560 N.
1670 4485 1784 4560 XXV.
