4882 5804
590 579 791 695 EPIST.¹
811 599 1118 698 SELECTAE
1148 625 1215 696 nn
1244 599 1571 704 DIVERSOS.
1633 623 1712 712 173

514 795 629 871 tiores
653 797 834 872 admittere
857 797 971 870 sciam.
1020 795 1192 892 Volgares
1218 799 1309 870 enim
1339 795 1506 870 amicitias
1530 791 1709 889 perpetud

513 891 767 988 contempsisti,
801 891 1025 988 delegistique
1048 894 1113 967 tibi
1136 916 1295 988 paucos,
1328 890 1386 964 sed
1412 914 1501 1002 quos
1525 911 1570 962 ex
1591 887 1708 960 animo

512 1008 652 1061 amares.
703 986 743 1061 ln
770 1011 841 1084 quo
866 1012 1008 1062 numero
1030 1011 1097 1083 ego
1127 991 1262 1086 semper
1286 987 1351 1062 esl'e
1376 990 1520 1082 cupivi,
1546 985 1584 1059 δι
1607 981 1707 1058 fuisso

511 1106 567 1156 me
587 1085 751 1158 haetenus
771 1084 914 1169 videor,
939 1105 1041 1180 atque
1057 1105 1097 1156 ut
1114 1108 1169 1158 me
1187 1083 1412 1180 inposterum
1429 1083 1580 1165 habeas,
1602 1083 1705 1154 etiam

510 1199 614 1272 atque
633 1183 735 1252 etiam
753 1176 852 1275 r‘ogo.
903 1181 951 1253 Et
972 1203 1168 1275 quanquam
1194 1179 1404 1275 corporibus
1430 1176 1537 1274 longe
1561 1174 1703 1250 sortaffis

509 1275 609 1348 difflti
634 1277 791 1360 erimus,
816 1278 937 1348 animis
964 1297 1078 1348 tamen
1108 1275 1209 1348 fimus
1240 1274 1426 1371 conjunttt
1477 1275 1610 1368 Tuque
1632 1272 1703 1348 five

508 1371 599 1466 apud
613 1370 717 1446 ltalos
734 1373 924 1454 habitabis,
949 1369 1019 1444 stve
1036 1373 1129 1467 apud
1148 1371 1282 1445 Suevos
1299 1393 1378 1446 tuos
1393 1371 1561 1457 redieris,
1585 1372 1702 1464 cogita

494 1487 543 1540 —te
569 1470 613 1540 ad
639 1489 828 1540 extremam
859 1466 999 1540 Oceani
1029 1490 1152 1554 oram,
1184 1467 1221 1539 δι
1252 1471 1345 1564 apud
1374 1466 1539 1540 barbaros
1572 1463 1700 1539 Frisios

507 1563 633 1636 habere
653 1564 704 1636 tui
719 1563 975 1636 amantissimum
990 1565 1143 1658 Viglr'um.
1168 1563 1332 1660 Plerique
1352 1587 1396 1636 ex
1414 1561 1584 1649 utilitate,
1605 1585 1700 1634 com·
1724 1631 1730 1642 ,

507 1660 741 1755 moditateque
757 1659 866 1734 solent
877 1661 1007 1732 amicos
1024 1660 1160 1745 metiri,
1186 1681 1266 1755 quae
1284 1659 1423 1754 quidem
1439 1662 1533 1731 nulla
1546 1680 1699 1753 unquam

507 1756 570 1828 tibi
589 1777 631 1827 ex
650 1779 705 1827 me
725 1751 790 1829 esl‘e
807 1758 950 1850 poterit.
1000 1756 1049 1827 At
1066 1755 1144 1828 crim
1168 1775 1203 1828 te
1223 1757 1258 1829 in
1276 1778 1390 1828 rerum
1407 1754 1575 1826 bonarum
1596 1756 1699 1826 mala·

504 1875 650 1946 rumque
669 1851 864 1926 discrimine
883 1873 1010 1946 magno
1034 1850 1166 1945 judicio
1183 1851 1344 1944 praestare
1370 1849 1504 1944 semper
1520 1872 1698 1945 cognove-

505 1947 588 2019 rim:
615 1947 701 2021 nihil
726 1971 870 2029 vereor,
897 1969 940 2018 ne
967 1949 1121 2041 vulgaris
1146 1949 1204 2018 ille
1228 1948 1408 2020 hominum
1433 1943 1599 2031 affesius,
1634 1968 1697 2017 no·

505 2042 606 2115 stram
623 2041 889 2116 familiaritatem
910 2062 1120 2136 corrumpat.
1169 2041 1319 2116 Abunde
1336 2063 1479 2138 magnus
1496 2042 1544 2116 est
1559 2038 1692 2116 studius

503 2135 576 2232 ipsa
595 2135 658 2212 fibi
675 2138 844 2222 amicitia,
868 2161 909 2210 ac
932 2159 972 2209 ea
988 2139 1073 2209 mihi
1086 2136 1218 2231 semper
1237 2161 1332 2212 mens
1353 2137 1436 2222 suit,
1462 2159 1500 2211 ut
1519 2161 1563 2210 ex
1581 2159 1694 2211 recor-

506 2235 647 2308 datione
672 2235 859 2310 amicorum
886 2255 1045 2327 magnam
1070 2236 1263 2328 acciperem
1291 2232 1577 2321 consolationem,
1606 2257 1693 2326 prae·

502 2327 618 2402 sertim
641 2327 666 2403 fi
694 2351 814 2403 mutua
835 2331 983 2404 charitas
1010 2349 1126 2402 ortum
1149 2327 1244 2408 strum
1278 2330 1320 2402 ab
1339 2330 1381 2400 iis
1402 2331 1507 2402 initiis
1531 2330 1691 2416 duxerit,

505 2448 585 2519 quae
600 2449 663 2500 nos
705 2426 852 2521 rincipio
864 2429 1127 2519 conjunxerunt.
1178 2425 1272 2496 Nam
1288 2445 1392 2498 tuum
1404 2427 1516 2498 multis
1533 2427 1569 2498 in
1591 2425 1692 2500 rebus

503 2543 585 2616 erga
601 2545 656 2595 me
729 2521 823 2594 dium
849 2521 1034 2616 perspexi,
1059 2523 1115 2594 cui
1141 2521 1275 2598 accessit
1303 2520 1518 2595 consuetudo
1544 2521 1695 2617 primum

501 2615 707 2704 familiaris,
731 2613 811 2713 post
834 2619 938 2690 etiarn
965 2617 1178 2700 domestica,
1212 2641 1315 2712 quarn
1341 2613 1469 2690 summa
1499 2619 1692 2690 animorum

502 2712 676 2788 consensio
698 2712 966 2808 jucundiffimam
989 2712 1090 2786 nobis
1108 2714 1277 2796 reddidit,
1303 2732 1343 2785 ut
1357 2736 1413 2787 me
1436 2737 1529 2786 nunc
1547 2711 1619 2807 ipsa
1636 2715 1694 2786 ad·

501 2811 573 2884 huc
604 2811 769 2886 memoria
806 2833 878 2888 non
911 2809 1140 2886 mediocriter
1176 2809 1347 2892 oblesiet,
1381 2833 1466 2903 quae
1486 2831 1556 2882 non
1586 2810 1693 2882 modd

501 2908 569 2980 tuis
590 2907 701 2980 literis
728 2925 894 2979 renovata
920 2905 996 2993 est,
1027 2903 1087 2979 sed
1111 2902 1172 2978 sua
1194 2905 1296 2977 etiam
1324 2901 1448 2998 sponte
1474 2907 1588 2978 animo
1612 2929 1692 2978 meo

500 3001 627 3076 crebro
655 3002 812 3078 recurrit
864 2999 976 3074 Miror
1001 3003 1089 3076 verd
1116 2998 1198 3075 fite
1219 3000 1334 3074 adhuc
1364 3001 1546 3075 Patavium
1566 2999 1691 3075 habet:

502 3093 563 3167 nist
578 3121 668 3172 unus
692 3096 784 3173 forte
808 3101 960 3170 Lazarus
984 3101 1006 3148 *
1030 3097 1117 3172 tanti
1140 3097 1204 3169 tibi
1228 3097 1299 3184 est,
1326 3116 1430 3192 quem
1459 3118 1526 3188 ego
1550 3095 1693 3191 quidem
1729 3117 1865 3181 snm.

500 3209 673 3286 nunquam
699 3191 911 3289 contempss:
946 3189 1004 3264 sed
1032 3211 1066 3265 te
1089 3213 1202 3265 tamen
1225 3195 1341 3265 malim
1368 3193 1404 3264 in
1421 3191 1694 3288 Jurisprudentia
1728 3204 1838 3259 micus..

501 3289 665 3364 idoneum
684 3287 804 3364 scitari
826 3288 1032 3382 magistrum.
1082 3287 1175 3360 Nam
1196 3289 1232 3360 in
1258 3288 1366 3364 literis
1394 3289 1443 3362 ita
1467 3287 1553 3361 mihi
1578 3286 1694 3385 profe·

500 3379 579 3455 cisse
595 3385 747 3474 videris,
773 3403 811 3458 ut
828 3383 901 3481 ipse
919 3383 984 3457 tibi
1009 3383 1174 3478 deinceps
1192 3383 1349 3479 magister
1366 3383 1434 3460 esl'e
1453 3384 1565 3479 poffis.
1615 3385 1694 3460 Nec

491 3480 604 3557 ,Cicero
626 3482 683 3553 ille
702 3502 782 3555 tuus
798 3481 834 3550 in
854 3503 926 3575 quo
940 3502 1101 3555 exercere
1125 3500 1160 3554 te
1178 3477 1265 3552 soles
1276 3505 1288 3564 ;
1311 3481 1360 3556 ita
1377 3479 1542 3554 obscurus
1559 3476 1628 3568 est,
1653 3501 1693 3555 ut

500 3575 565 3664 tihi
580 3597 623 3648 eo
647 3575 893 3671 intelligendo,
917 3577 1105 3671 interprete
1124 3573 1164 3648 fit
1192 3599 1292 3670 opus.
1341 3576 1502 3648 imitandi
1518 3598 1605 3648 vero
1623 3573 1692 3648 stu·

503 3673 629 3756 diurn,
671 3692 741 3743 nun
772 3691 841 3744 tarn
869 3669 1115 3746 auscultatione
1141 3671 1242 3766 quim
1267 3670 1481 3767 scriptione,
1515 3673 1721 3766 multaque.

501 3768 815 3853 commentatione,
841 3789 909 3858 qua
926 3767 1092 3860 optimam
1114 3767 1286 3861 quandam
1311 3765 1454 3841 sormam
1480 3767 1588 3860 stylus
1606 3769 1693 3840 reci·

501 3865 572 3956 pit,
600 3861 790 3958 perficitur.
831 3859 1015 3958 Ejusmodi
1030 3863 1115 3937 verd
1133 3860 1355 3936 imitationem
1375 3885 1549 3958 nunquam
1568 3883 1693 3955 reprae·

501 3960 630 4043 hendi‚
656 3981 818 4032 neceam
847 3959 987 4030 damnat
1017 3958 1177 4050 Errrsrnur.
1227 3958 1276 4030 Et
1301 3957 1376 4053 ipse
1397 3982 1466 4032 non
1494 3955 1693 4031 recusassem

503 4079 643 4146 operam
668 4057 702 4126 in
720 4077 762 4126 eo
784 4055 983 4150 diligentem
1003 4077 1153 4146 ponere,
1180 4052 1239 4126 nist
1255 4056 1330 4128 aliis
1342 4105 1353 4141 ,
1375 4080 1431 4128 me
1448 4053 1605 4140 Hercle,
1626 4053 1695 4125 stu·

503 4154 567 4223 diis
589 4172 780 4244 occupatus
797 4148 930 4245 semper
944 4147 1088 4222 fuissem.
1139 4150 1249 4243 Papia
1267 4151 1331 4222 tibi
1348 4155 1390 4224 ad
1407 4148 1625 4226 scribendum
1647 4148 1694 4220 sav

504 4249 547 4320 tis
573 4249 767 4341 argumenti
789 4244 1011 4342 suppeditare
1034 4247 1157 4340 potest.
1206 4245 1358 4319 Proinde
1382 4245 1406 4318 st
1429 4268 1559 4318 memor
1582 4245 1695 4317 adhuc

503 4369 538 4418 rs
566 4344 691 4425 nostri,
719 4340 755 4413 δι
783 4341 806 4414 st
830 4345 914 4416 illoc
939 4343 1142 4423 adveneris,
1174 4340 1351 4436 quaesout
1380 4342 1567 4434 intelligam
1597 4363 1640 4412 ex
1660 4361 1694 4411 te

504 4463 563 4526 ea,
588 4447 665 4534 quar
682 4435 835 4515 mescire
850 4441 943 4514 vellc
961 4437 1171 4623 cognovxissig
1219 4436 1359 4510 Hedoris
1383 4439 1402 4528 †
1429 4439 1496 4510 mei
1515 4432 1698 4602 conswdud
1729 4417 1856 4560 hillo*
