4742 5814
517 2175 569 2238 Ex
583 2173 645 2235 To·

521 2274 571 2314 sno
586 2252 643 2313 IV.

517 2330 576 2391 fol.
592 2344 663 2408 430.

521 2409 585 2470 ul'o.

536 2641 643 2716 ι543·

687 635 1038 798 296V1GL11
1065 661 1135 729 nn
1162 632 1419 730 AYTTA
1452 631 1831 732 ZUICHEMI

695 838 791 914 lari?
807 833 997 930 'Principes
1013 830 1112 920 sunt,
1137 829 1183 904 ad
1199 827 1433 926 suffraganeos
1449 831 1512 908 ista
1528 831 1679 928 pertinet
1693 831 1892 908 nomencla-

696 953 793 1009 tura:
819 933 880 1028 qui
903 953 969 1004 nec
992 927 1056 1025 ipli
1082 927 1252 1002 videntur
1273 931 1438 1015 venturi,
1464 928 1545 1005 mm
1569 929 1612 1003 ad
1628 929 1706 1016 ,iter
1733 926 1896 1024 sumptus

695 1029 873 1104 deficiant.
923 1025 980 1100 Ex
1002 1025 1169 1100 inferiore
1192 1023 1383 1100 Germania
1401 1027 1489 1100 nihil
1511 1027 1638 1122 scriptu
1661 1023 1696 1096 di
1723 1047 1805 1098 num
1829 1027 1892 1098 ha·

694 1127 839 1208 bemus,
864 1144 906 1198 ac
924 1120 1070 1219 hyems,
1095 1141 1140 1192 ne
1157 1118 1339 1228 quid-geri
1353 1121 1471 1216 polilt,
1521 1121 1668 1196 rolribet.
1719 1121 1889 1196 nterea&

691 1215 1465 1392 ...sentententiae
1487 1145 1891 1408 intinnula

696 1435 778 1488 eum
793 1411 955 1509 hyberno
978 1405 1044 1503 (ut
1065 1404 1268 1501 speramus)
1292 1426 1470 1504 ternpore,
1500 1429 1650 1494 atteret,
1675 1361 1746 1503 quo
1771 1405 1890 1496 futura
1956 1400 1962 1410 '

695 1507 832 1590 aestate,
858 1529 900 1580 ac
927 1523 1001 1576 tum
1031 1499 1111 1578 cium
1141 1520 1233 1596 opus
1257 1503 1407 1577 maxime
1431 1505 1527 1590 erit,
1561 1503 1712 1602 pecunia
1740 1504 1784 1576 ad
1806 1505 1890 1579 belli

693 1603 874 1700 impendia
890 1622 934 1674 eo
949 1601 1052 1673 citius
1077 1595 1233 1672 deficiat:
1260 1620 1457 1694 quanquam
1481 1600 1627 1675 Gallum
1650 1601 1746 1696 ajunt
1761 1602 1889 1675 auxilia

693 1699 866 1797 polliceri.
915 1693 1030 1780 Vale,
1062 1693 1217 1766 Domine
1244 1693 1283 1768 δι
1316 1693 1441 1770 Amice
1469 1696 1688 1772 amantilirme
1711 1695 1779 1771 una
1809 1718 1891 1772 cum

693 1799 844 1908 conque
871 1787 1131 1887 suavillimisque'
1155 1787 1286 1864 liberis.
1333 1788 1466 1906 Datum
1492 1791 1749 1890 Nurembergae
1768 1812 1806 1886 9.
1828 1791 1888 1886 Ja-

693 1909 936 1982 nuam1543.

861 2151 1371 2250 aursnona
1428 2155 1718 2260 cxxiv.

750 2335 1311 2480 snunsnrauo
1369 2377 1832 2479 nuucnsns

694 2610 938 2704 Academias
964 2606 1097 2698 Italia
1129 2606 1302 2696 Gallicis
1326 2634 1375 2696 ac
1398 2607 1685 2728 Burgundiais,
1718 2609 1888 2702 Germa·
2036 2601 2039 2606 ’

817 2752 869 2814 aa
895 2723 1018 2838 Jnris
1031 2719 1166 2833 stadia
1193 2720 1457 2830 incumbenti,
1483 2722 1766 2864 praeficrendar.

765 2951 838 3028 lnae
860 2953 984 3028 iterum
1011 2949 1099 3024 mihi
1126 2948 1188 3024 abs
1211 2965 1278 3034 te,
1304 2948 1511 3027 ornatiffime
1536 2951 1740 3048 Sebastiano,
1764 2952 1890 3028 litterae
2001 2989 2011 3012 ·

786 3046 865 3124 sunt
880 3049 1049 3133 redditae,
1072 3069 1148 3121 eam
1175 3069 1217 3120 ue
1229 3066 1323 3120 tuam
1334 3046 1548 3143 diligentiam
1566 3050 1603 3124 &
1619 3050 1734 3146 probo
1749 3045 1889 3124 deamo.

693 3145 757 3221 De
778 3145 966 3243 deligendo
999 3146 1067 3216 alio
1099 3069 1288 3216 stuiiorum
1319 3145 1430 3230 loco,
1469 3146 1531 3217 vix
1560 3144 1677 3220 habeo
1706 3145 1804 3240 quod
1826 3143 1893 3220 tibi

695 3239 884 3318 consulam.
932 3239 1013 3334 Ego
1032 3239 1165 3334 aliquot
1180 3240 1278 3310 annis
1293 3262 1364 3313 non
1384 3235 1453 3314 line
1469 3236 1584 3313 frustu
1603 3239 1708 3315 Dolae
1724 3241 1791 3335 egi.
1817 3239 1892 3314 Sed

698 3359 784 3412 tnrrc
805 3337 844 3410 δι
869 3333 1078 3430 proseliores
1104 3335 1178 3408 illic
1196 3355 1301 3409 erant
1324 3336 1525 3430 neutiquam
1556 3334 1825 3423 contemnendi,
1851 3335 1892 3410 dc

698 3433 955 3507 commilitones
975 3429 1169 3524 ejusmodi,
1192 3451 1238 3502 ex
1265 3453 1414 3524 qnorum
1442 3428 1688 3506 consuetudine
1715 3429 1892 3526 quotidia-

698 3549 813 3623 naque
832 3527 1046 3614 collatione,
1068 3547 1140 3597 non
1156 3526 1268 3599 minus
1288 3526 1393 3622 quim
1412 3551 1456 3600 eu
1471 3525 1620 3622 publicis
1640 3525 1891 3618 ustionibus,

698 3623 872 3722 proficere
890 3622 1028 3700 licebat.
1080 3620 1130 3693 At
1153 3619 1273 3714 postea
1287 3625 1401 3696 omnia
1433 3624 1483 3696 ibi
1506 3621 1727 3710 refrixerunt.
1770 3623 1894 3720 Quan-

701 3727 804 3816 quam
826 3745 941 3817 nuper
957 3741 1071 3792 novus
1096 3715 1178 3792 illuc
1203 3739 1248 3791 ex
1268 3717 1369 3792 Italia
1391 3716 1564 3793 adueniss'e
1585 3719 1696 3796 fertur
1719 3717 1893 3796 Proieli'or

700 3818 796 3892 haud
809 3816 1014 3898 incelebris,
1038 3809 1098 3887 sed
1114 3833 1202 3900 una,
1216 3816 1313 3908 quod
1333 3815 1479 3904 dicitur,
1503 3817 1658 3893 hirundo
1672 3839 1737 3892 ver
1754 3840 1825 3892 non
1843 3815 1894 3890 fa·

702 3914 847 4080 qim&
870 3907 1115 4080 ejqchraationis
1141 3905 1315 3985 Doctores
1337 3927 1407 4076 quo
1433 3907 1511 3986 sunt
1537 3914 1825 4001 excellentiores,
1850 3936 1895 3987 eo

703 4026 964 4195 ἂυῖωἰῖιῖεω,
985 4023 1390 4194 nqtsseslfflgoqriqcrqndae
1402 4105 1510 4198 magis
1535 4104 1639 4200 quim
1664 4103 1754 4198 Juris
1780 4105 1895 4199 perci·

703 4198 824 4296 piendi
848 4199 961 4284 ratio,
985 4215 1163 4292 parentem
1177 4216 1220 4269 ac
1238 4218 1271 4268 te
1287 4198 1461 4289 moverit,
1484 4222 1556 4274 non
1575 4199 1688 4275 habeo
1707 4199 1802 4295 quod
1815 4219 1894 4270 cam

705 4293 927 4381 Academiam
944 4293 1047 4365 valde
1071 4291 1173 4365 vobis
1189 4296 1438 4370 commendem.
1489 4295 1538 4368 Et
1564 4317 1761 4392 quanquam
1790 4294 1896 4387 etiarn

707 4390 758 4465 ibi
777 4411 848 4462 non
864 4391 953 4462 leuis
976 4387 1025 4461 est
1061 4389 1177 4482 praxis
1200 4389 1453 4483 cognoscendae
1470 4388 1637 4478 facultas,
1662 4392 1710 4464 ob
1725 4391 1896 4486 judicium

697 4510 743 4564 ac
771 4485 922 4562 tribunal
952 4482 1033 4558 ciam
1061 4485 1182 4580 primis
1203 4486 1362 4563 clarum:
1403 4507 1554 4564 attamen
1581 4509 1622 4564 ea
1646 4489 1691 4564 ad
1714 4487 1897 4656 Galliqurq

1837 4605 1871 4656 er

1368 4005 1457 4078 udiis
1489 4029 1560 4081 non
1590 4007 1670 4085 satis
1696 4008 1894 4084 consulunt.
