4680 5828
575 609 780 714 tEPIST.
808 607 1114 714 SELECTAE
1138 625 1206 707 An
1232 523 1601 718 DIVERsoss
1633 652 1689 747 tt

487 817 596 900 atque
613 798 807 878 ¹amicillimi
827 800 968 899 puttoni
996 795 1101 874 filius.
1159 793 1218 873 Eo
1241 815 1356 874 autem
1377 795 1442 878 iste
1469 799 1573 880 dolor
1598 808 1686 888 milti

484 898 627 1008 pravior
641 895 804 988 videtur,
827 895 925 994 quod
943 897 1012 970 mei
1029 892 1180 1006 muueris
1198 893 1265 972 elle
1281 895 1474 992 intelligam
1491 949 1504 988 ‚
1527 901 1625 999 quod
1643 905 1684 981 dt

482 992 558 1090 ipse
575 989 804 1090 requifivisti,
828 1013 869 1069 ut
890 1011 1059 1088 aegrotum
1081 1011 1234 1064 ammum
1251 1011 1351 1066 tuum
1372 991 1555 1088 consoler,
1579 1005 1678 1098 quod

509 1109 557 1162 ru
581 1089 791 1184 aegritudine
827 1085 956 1165 etiumfi
982 1085 1105 1176 sciam,
1129 1107 1337 1162 tamennon
1358 1089 1491 1186 poffim.
1540 1094 1601 1171 De
1624 1101 1676 1172 in.

479 1111 591 1259 fanda
608 1203 725 1259 autem
752 1205 829 1259 mea
845 1185 934 1258 nihil
958 1183 1008 1258 est
1029 1181 1128 1279 quod
1148 1201 1242 1256 nunc
1263 1183 1403 1276 dicam,
1428 1187 1490 1286 qui
1514 1189 1581 1266 tibi
1598 1215 1689 1270 eam·

472 1283 564 1356 dias
585 1279 666 1356 satir
683 1278 759 1354 sum
785 1279 938 1356 testatus.
986 1277 1036 1352 Et
1059 1298 1134 1352 tota
1156 1279 1236 1353 lraee
1259 1278 1431 1358 medicina
1454 1283 1491 1358 in
1519 1290 1677 1368 oratione

478 1373 648 1452 consistit
698 1375 845 1450 Utinam
858 1399 927 1472 ego
941 1396 1035 1448 nunc
1053 1378 1097 1448 ad
1112 1372 1257 1470 aliquod
1272 1394 1410 1474 tempur
1428 1377 1671 1480 Jurisprudffl.

478 1473 564 1546 tiam
589 1493 673 1546 cum
693 1470 920 1570 Philosophia
950 1467 1233 1560 commutaliem,
1265 1469 1359 1546 unde
1384 1475 1471 1549 milri
1492 1478 1615 1555 liceret
1635 1486 1672 1558 in

477 1570 658 1644 communi
684 1569 810 1644 morbo
828 1566 1010 1667 prasentia
1029 1567 1145 1662 aliqua
1186 1565 1348 1642 harmacu
1365 1569 1554 1649 desumere.
1602 1577 1671 1654 lle-

475 1685 521 1742 ue
551 1685 669 1740 tumen
699 1658 856 1750 accidit,
889 1663 988 1762 quod
1022 1660 1131 1776 serius
1147 1585 1247 1774 ‘guno
1262 1660 1386 1776 ⁸calum
1410 1663 1562 1757 rescivi,
1622 1698 1670 1750 uo

472 1761 764 1934 numer
784 1754 1384 1931 drledrrlurrrn
1403 1782 1472 1838 Μ’
1485 1785 1541 1934 a
1555 1697 1668 1942 tir

474 1881 641 2066 Grocrgr‘rrm
660 1879 881 2026 deffiniri
894 1875 1009 2026 {iqum
1027 1953 1200 2047 optimum
1218 1950 1256 2027 dt
1271 1971 1372 2046 aeque
1385 1914 1428 2028 in
1445 1955 1594 2032 adversis
1617 1923 1671 2036 ars

471 2071 541 2144 que
557 2071 595 2122 tn
619 2044 796 2144 prosperis
816 2045 958 2122 fidelem
982 2049 1020 2122 δι
1046 2045 1265 2121 constantem
1289 2049 1464 2139 amicum,
1489 2051 1560 2128 hoc
1589 2057 1664 2134 offi.

471 2145 566 2218 cium
585 2146 739 2240 priorem
770 2143 837 2218 tibi
870 2137 1061 2238 prostitilie
1089 2143 1238 2238 gaudeo.
1300 2140 1389 2231 Quo
1421 2147 1571 2226 inducor
1601 2157 1665 2228 mi·

470 2236 1095 2410 llrnll’iilllillll
1105 2235 1325 2409 ‘ltili‘
1333 2247 1662 2421 ‘rilllllli

466 2433 603 2506 ratione
616 2432 744 2506 vulnus
755 2428 928 2506 refricem.
979 2427 1211 2526 Quapropter
1223 2383 1364 2528 parcius
1381 2434 1485 2510 etiam
1502 2437 1547 2514 de
1566 2463 1607 2513 ea
1622 2465 1663 2518 re

465 2528 560 2625 apud
578 2549 614 2604 te
631 2547 751 2623 agam,
776 2549 857 2600 cum
875 2544 917 2601 nt
931 2529 1045 2602 nullut
1067 2527 1171 2602 etiam
1190 2528 1257 2602 tibi
1277 2548 1416 2604 manum
1439 2533 1660 2625 admoviss'et,

464 2645 537 2699 non
557 2643 697 2722 tempus
713 2619 909 2707 lenivillet‚
934 2647 1006 2700 non
1031 2623 1133 2696 amici
1154 2621 1398 2719 mitigaviilent
1413 2627 1539 2724 justum
1556 2634 1657 2710 dolo·

466 2741 561 2796 rem:
586 2741 737 2795 attamen
757 2716 909 2815 tuipse,
958 2721 994 2794 ui
1018 2714 1160 2792 Philoso
1186 2717 1256 2794 ltiae
1279 2717 1401 2802 studiis
1425 2744 1496 2798 non
1522 2745 1657 2806 tantum

464 2816 642 2906 imbutus,
667 2815 725 2890 sed
751 2815 918 2910 locuplet'
957 2813 1015 2890 md
1044 2813 1149 2888 lustru
1209 2838 1305 2892 sea:
1330 2818 1428 2914 quod
1443 2821 1657 2902 extrinsecus

464 2911 529 2986 tibi
554 2914 711 3026 allegatio
728 2911 949 3026 rationibus,
972 2911 1276 3022 exemplorumve,
1300 2915 1523 3024 quaepallim
1545 2919 1655 2996 addn.

464 3030 613 3180 illle
636 3003 1327 3203 {till‘'lirrq‘ldilfl‘illll
1344 3030 1656 3190 lilioli

464 3223 583 3296 queat.
630 3200 685 3276 Ea
700 3221 815 3275 autem
840 3199 920 3276 edm
939 3197 1092 3271 omnium
1109 3199 1155 3270 de
1174 3215 1235 3271 tua
1250 3200 1437 3366 prudentia
1453 3205 1576 3299 opinio
1591 3205 1632 3284 fit
1640 3259 1655 3298 ,

465 3319 510 3369 an
528 3321 600 3370 non
617 3319 685 3391 ego
699 3297 835 3383 ridear,
861 3291 922 3389 qui
937 3292 1063 3367 Ululas
1086 3291 1260 3368 Athenas·
1295 3293 1365 3370 Vel
1380 3314 1419 3371 tu
1434 3298 1654 3382 admirationi

464 3390 508 3466 lis
524 3395 587 3489 qui
613 3394 683 3467 hoc
704 3390 769 3465 sub
801 3392 922 3464 dolore
943 3387 1076 3464 cudas‘l
1099 3389 1209 3463 Filius
1236 3413 1394 3465 mortuus
1416 3395 1487 3482 est,
1518 3417 1556 3471 at
1573 3401 1654 3478 ideo

464 3488 530 3564 tibi
549 3511 648 3562 natus
669 3489 774 3563 estut
798 3505 1006 3568 moreretur,
1033 3483 1200 3580 ingreiluu
1218 3485 1351 3562 scilicet
1368 3489 1413 3562 ad
1435 3492 1527 3566 hanc
1544 3495 1653 3571 vitam

451 3585 688 3682 peregrinus,
713 3604 753 3657 ut
770 3584 813 3656 ud
840 3605 962 3656 verum
979 3581 1066 3654 illud
1083 3584 1348 3679 immortaleque
1364 3585 1580 3662 domicilium
1598 3615 1652 3667 re·

463 3682 565 3756 diret.
616 3679 677 3752 Tu
695 3681 819 3763 doles,
843 3699 880 3752 at
900 3680 958 3750 ille
973 3676 1213 3772 gratulatorie
1235 3699 1333 3750 tanto
1352 3684 1565 3774 compendio
1580 3687 1648 3762 iter

460 3773 650 3853 absolviile.
701 3774 800 3869 Quid
824 3771 847 3846 fi
870 3773 933 3847 tibi
958 3776 1071 3845 nullus
1093 3795 1247 3868 unquam
1264 3770 1380 3846 fuillet
1394 3795 1522 3864 natus,
1546 3779 1650 3856 habe·

460 3877 553 3956 resne
578 3873 673 3966 qood
699 3872 864 3945 doleres?
889 3868 964 3961 lam
984 3888 1024 3942 tu
1044 3869 1264 3942 dulcedinem
1288 3867 1511 3966 fructumque
1535 3895 1649 3952 exeo

459 3991 624 4066 magnum
640 3967 774 4063 coepilli
797 3988 861 4060 per
879 3967 1148 4038 multooannos:
1175 3965 1420 4050 crementis,
1443 3971 1585 4045 volente
1599 3971 1648 4048 stu

459 4067 541 4142 Deo
556 4065 593 4136 id
615 4081 685 4142 ate
708 4061 852 4150 auferri,
902 4059 974 4132 uod
993 4057 1064 4134 srne
1085 4061 1146 4134 illo
1167 4057 1297 4136 habere
1327 4081 1399 4133 non
1422 4082 1583 4158 poteras,
1608 4069 1649 4145 dc

459 4161 657 4238 habendum
675 4159 741 4234 tibi
760 4085 971 4235 roncelierat
989 4157 1147 4250 precarii>
1166 4176 1318 4243 tantum,
1343 4179 1382 4231 ut
1392 4177 1550 4254 repetere
1564 4163 1648 4238 lice-

458 4283 533 4344 ret,
557 4253 842 4352 quandocunque
855 4257 908 4328 illi
928 4253 1076 4328 luberet.
1111 4251 1247 4326 lnterea
1263 4255 1352 4326 vetd
1370 4251 1537 4330 summam
1555 4257 1650 4336 illiue

456 4371 534 4450 erga
554 4371 587 4426 te
605 4353 854 4448 benignitatem
877 4351 976 4460 vides
992 4402 1002 4435 ,
1021 4349 1122 4459 ,qood
1148 4345 1483 4462 filiumcoucelierit
1511 4355 1572 4450 qui
1596 4356 1651 4430 in·

458 4447 550 4618 ῐεηῖ,
575 4471 681 4620 pule}³
699 4446 920 4531 adolescens,
934 4443 1155 4614 ωυΙῑιῐατιαίιςι
1171 4465 1207 4521 te
1226 4445 1309 4540 olam
1328 4467 1519 4536 recreavit,
1543 4470 1650 4618 quer}

534 4569 591 4618 om.
660 4599 668 4616 .
1593 4570 1612 4619 e
