4882 5804
763 563 1106 734 180V1GLII
1143 647 1208 716 m
1237 618 1498 718 AunnA
1532 621 1898 724 zutounut

605 855 627 896 .
760 801 1010 916 profeilurutu.
1059 798 1151 876 ldli
1184 800 1398 914 eontigerit,
1423 805 1673 915 nonominam
1698 806 1784 902 quin
1806 808 1889 886 inde
1911 811 1959 886 ud

761 921 798 975 te
822 898 976 1010 scribam.
1012 897 1167 1010 Tantum
1191 902 1282 1067 illut}
1303 895 1372 972 fine
1398 899 1622 1072 me·gqllffl
1644 920 1722 1070 qotrq
1741 905 1933 1073 ffigegm
1945 957 1963 996 ,

761 997 1254 1202 qqhqqlqnqthqqqiauqt‘lqtgssqe
1277 1019 1384 1168 iiiii:
1411 1018 1530 1169 qgtene
1546 1095 1639 1178 vale.
1673 1025 1958 1174 Dulmwiaeagqq

764 1186 949 1265 Februam
971 1210 1065 1263 anno
1091 1209 1131 1278 15
1137 1209 1193 1282 35.

985 1390 1740 1488 untsnounuxm.

826 1545 1895 1721 Huouontuouvtnto

707 1911 717 1932 .
765 1843 964 1936 Graviter
998 1851 1186 1962 queritur
1220 1845 1270 1932 de
1305 1851 1438 1960 iniquo
1472 1866 1654 1964 tempore
1682 1847 1729 1935 ob
1756 1847 1962 1966 religionis
2084 1955 2086 1960 ,

816 1958 1052 2076 periculum.
1092 1959 1165 2046 De
1178 1956 1297 2045 rebus
1315 1957 1399 2068 fitis
1418 1957 1630 2048 Hectorem
1660 1965 1812 2066 edocet,
1842 1963 1900 2057 &⁹

806 2075 811 2082 ’
932 2171 956 2186 Ἰ
979 2075 1029 2159 de
1057 2068 1393 2159 lucubrationibus
1407 2069 1498 2187 suis
1524 2079 1759 2191 interrogat.

764 2305 768 2316 ·
855 2281 926 2354 AEc
944 2301 1125 2376 tempora,
1151 2279 1264 2352 Houor
1288 2279 1514 2370 ornatissime,
1538 2304 1620 2376 quoe
1638 2278 1772 2380 semper
1800 2289 1837 2361 in
1863 2284 1957 2359 dete·

879 2382 950 2453 rius
973 2397 1147 2474 vergunt,
1178 2376 1417 2470 bonarumque
1441 2378 1594 2450 omnium
1626 2400 1739 2451 terum
1766 2383 1804 2458 δι
1830 2381 1958 2455 artium

762 2475 859 2570 apud
883 2473 1048 2549 nostrates
1074 2473 1238 2559 euitium,
1269 2471 1308 2543 ἃ
1338 2469 1541 2568 Schyticam
1568 2475 1738 2566 quandem
1761 2476 1958 2550 barbariem

763 2573 958 2657 minantur,
982 2591 1052 2641 non
1065 2566 1194 2653 finunt,
1219 2589 1257 2638 ut
1269 2589 1322 2638 ex
1338 2568 1572 2660 gratulatione
1591 2586 1651 2639 tua
1666 2567 1807 2643 solidam
1823 2593 1957 2645 vetem·

762 2687 831 2762 que
848 2667 1002 2738 letitiam
1025 2665 1140 2735 animo
1156 2663 1343 2755 concipere
1360 2661 1490 2756 poffim.
1526 2657 1736 2755 Quanquam
1753 2666 1839 2740 illud
1858 2685 1962 2740 tuum

761 2765 860 2859 quod
877 2762 962 2834 mihi
981 2757 1240 2834 adscribendum
1258 2757 1385 2829 duxisti
1401 2759 1600 2851 eulogium,
1624 2779 1782 2833 nontam
1801 2783 1868 2858 pro
1879 2781 1958 2835 meo

763 2860 889 2931 metito
916 2857 1020 2953 quim
1047 2875 1109 2929 tuo
1127 2853 1238 2926 studio
1261 2871 1332 2924 non
1362 2853 1463 2949 pollit
1483 2875 1537 2924 me
1563 2873 1634 2925 non
1656 2853 1847 2940 deleiiare,
1872 2873 1959 2954 guu-

765 2955 936 3047 deamque
959 2975 1013 3026 me
1043 2952 1186 3047 dignum
1210 2973 1229 3020 a
1255 2969 1288 3021 te
1308 2969 1350 3021 et
1372 2949 1577 3022 conditione
1601 2953 1771 3045 reputari:
1806 2974 1956 3028 attamen

762 3073 835 3123 non
854 3049 959 3120 modo
978 3045 1080 3140 hujus
1107 3045 1256 3117 muueris
1279 3045 1346 3118 mei
1370 3045 1575 3140 dignitatem
1602 3045 1749 3140 praesens
1776 3047 1957 3144 tempestus

762 3145 966 3224 obnubilat,
990 3141 1111 3214 verim
1135 3141 1288 3213 melioris
1313 3141 1522 3213 conditionis
1543 3137 1637 3235 spem
1659 3163 1751 3236 pene
1767 3146 1963 3238 intercipit.

764 3239 859 3314 Nam
883 3236 961 3311 cium
983 3236 1040 3310 hic
1062 3235 1195 3332 semper
1211 3259 1287 3308 mea
1303 3235 1447 3311 consilia
1470 3230 1698 3324 instituill'em‚
1724 3259 1763 3310 ut
1779 3240 1860 3314 inde
1874 3265 1958 3336 qua·

729 3387 739 3400 .
764 3335 833 3407 lem
862 3338 972 3406 uelem
990 3332 1189 3407 facultatem
1204 3331 1420 3404 commodius
1433 3333 1584 3406 futuram
1600 3335 1806 3408 traducendi
1820 3355 1958 3410 aetatem

763 3359 1016 3525 'coniequeren
1050 3451 1143 3500 nune
1171 3424 1247 3522 ipso
1270 3423 1332 3498 usu
1349 3431 1528 3523 comperio
1553 3429 1733 3502 hominum
1757 3431 1959 3504 nostratium

765 3546 901 3600 mentes
922 3523 966 3605 ab
992 3521 1183 3619 disciplinis
1209 3519 1427 3617 honestisque
1452 3523 1571 3596 studiis
1598 3526 1757 3618 quotidie
1779 3525 1960 3602 alieniores

764 3621 861 3706 fieri,
887 3620 924 3696 δι
941 3639 1116 3713 praetextu
1133 3617 1318 3711 Evangelii
1332 3641 1467 3690 omnem
1484 3618 1688 3712 religionem
1706 3620 1885 3708 abdicem,
1897 3626 1962 3697 hu·

641 3751 648 3762 ¹
763 3719 937 3814 manaq'ue
955 3713 992 3788 dt
1010 3717 1127 3788 divina
1143 3711 1226 3806 Jura
1243 3733 1308 3806 pro
1326 3713 1436 3786 nihilo
1453 3714 1628 3788 aestimare.
1678 3713 1755 3788 Nisi
1770 3737 1882 3792 tutem
1899 3743 1967 3794 no·

766 3815 823 3891 bis
845 3811 1008 3887 adversus
1032 3813 1122 3883 hanc
1148 3811 1368 3903 ingruentem
1388 3809 1583 3884 barbariem
1613 3807 1712 3884 Deus
1736 3815 1867 3888 auxilio
1896 3813 1960 3902 lit,

765 3907 951 4006 quidest,
982 3908 1030 3978 mi
1053 3903 1185 3994 Houor,
1215 3903 1311 3998 quod
1337 3927 1401 3978 nos
1425 3908 1541 3980 literae
1560 3905 1715 3981 didicille
1738 3910 1866 4004 juvet?
1888 3910 1964 3984 Ve-

765 4005 848 4078 rum
869 4002 921 4074 his
942 4000 1164 4098 querimoniis
1182 3997 1402 4094 supersedere
1416 3999 1517 4076 sotius
1533 4004 1644 4090 duco,
1662 4027 1705 4077 ne
1722 4007 1863 4079 nimium
1884 4029 1962 4080 mea

769 4095 944 4194 responsso
969 4116 1064 4170 atua
1086 4092 1232 4169 dillonet
1249 4093 1425 4188 epostola,
1450 4119 1555 4196 atque
1572 4121 1645 4194 pto
1664 4104 1896 4194 gratulatione
1914 4105 1963 4174 la·

769 4195 1016 4270 mentitionem
1039 4191 1207 4268 occinam.
1258 4189 1351 4263 Nam
1371 4189 1408 4264 &
1433 4217 1511 4289 quae
1534 4192 1575 4267 lit
1596 4191 1659 4268 ista
1684 4194 1838 4291 Hydra,
1864 4198 1964 4291 quod

769 4289 899 4365 habeat
921 4289 1060 4386 capita,
1092 4287 1340 4383 quomodoque
1364 4311 1435 4362 uno
1458 4289 1567 4365 reciso
1595 4291 1698 4385 plura
1725 4291 1883 4385 quotidie
1909 4315 1964 4367 re·

770 4385 931 4480 surgant,
955 4385 1059 4480 quim
1080 4385 1150 4456 late
1167 4382 1385 4468 dominetur,
1410 4385 1584 4482 quemque
1607 4387 1746 4480 penitus
1770 4390 1831 4460 vul
1858 4389 1866 4404 '
1892 4389 1964 4462 anl-

768 4483 836 4560 mu
859 4477 1029 4576 uideat,
1062 4479 1208 4578 epistola
1229 4501 1302 4561 non
1321 4481 1426 4580 capit.
1475 4481 1524 4560 lit
1544 4483 1638 4558 ut'in
1662 4465 1793 4560 summa
1813 4407 1878 4558 eiii
1898 4481 1966 4557 sta·

1890 4599 1970 4657 tum
