4840 5830
706 627 1643 751 ''rnnunrro

636 852 901 959 inventario,
929 880 1011 941 nec
1035 847 1310 958 testamento,
1337 877 1420 944 nec
1437 850 1612 946 demum
1630 854 1676 944 in
1694 851 1895 952 codicillo

637 1005 766 1075 notus
793 980 866 1074 est.
925 978 1059 1073 Unde
1100 1007 1205 1095 ergo
1234 978 1327 1072 haec
1351 979 1571 1074 volumina
1605 1001 1790 1100 quatuor
1820 987 1896 1078 nri·

637 1134 810 1232 grarunt
837 1114 882 1201 in
899 1109 1143 1228 Collegium
1163 1109 1326 1229 Vigliii
1354 1111 1406 1205 ld
1425 1119 1547 1224 juxta
1560 1111 1648 1208 scio
1665 1143 1767 1210 cum
1783 1115 1897 1235 lgm.

640 1240 811 1332 rissrmis.
1886 1300 1889 1308 ·

694 1367 863 1461 Harum
894 1366 1176 1483 ‚epistolarum
1220 1393 1298 1484 per
1346 1363 1553 1485 Fer'jonem
1590 1369 1896 1490 descriptarum

638 1496 780 1590 multo
809 1496 993 1585 maxima
1022 1521 1120 1610 pars
1149 1495 1392 1590 continetur
1422 1495 1467 1586 in
1491 1493 1788 1596 voluminibus
1814 1523 1896 1618 per

643 1623 876 1716 Adrianum
915 1621 1160 1711 Goudanum
1192 1618 1446 1736 descriptis,
1484 1649 1534 1724 ac
1572 1621 1742 1740 signatis
1773 1653 1818 1716 n.
1846 1622 1898 1728 Π,

636 1749 707 1843 111.
748 1748 827 1849 IV.
866 1747 1043 1840 Inseruit
1075 1747 1184 1862 Feijo
1214 1747 1442 1841 nonnullas
1470 1747 1669 1868 epistolas
1702 1754 1900 1850 virorum

637 1878 900 1970 eruditorum
931 1877 985 1967 ad
1019 1873 1241 1992 Viglium,
1270 1905 1374 1994 quas
1403 1876 1620 1973 Adrianus
1653 1905 1745 1973 non
1779 1877 1898 1974 exhi·

637 2009 725 2108 bet.
782 2006 892 2099 Item
917 2001 1112 2121 epistolas
1150 2003 1352 2120 aViglio
1382 2004 1566 2098 aliorum
1593 2008 1771 2100 nomine
1799 2033 1899 2100 oon.

638 2140 835 2254 scriptas,
856 2133 991 2229 veluti
1015 2135 1192 2226 nomine
1219 2131 1423 2253 Episcopi
1446 2162 1496 2226 ac
1520 2135 1725 2255 principis
1750 2135 1902 2230 Mona·

638 2263 845 2358 sterienfis
869 2260 926 2354 ad
958 2259 1138 2351 Paulum
1171 2257 1331 2378 Papam
1359 2257 1433 2352 ΙΙΙ.
1472 2265 1517 2354 &
1539 2261 1720 2381 Reginae
1754 2263 1902 2356 Marlae

640 2389 869 2506 Hungariae
886 2386 1063 2476 nomine
1078 2383 1132 2475 ad
1149 2381 1306 2490 Julium
1331 2383 1414 2475 ΡΡ.
1443 2383 1517 2475 ΠΙ.
1546 2388 1767 2504 variasque
1786 2387 1901 2480 alas.

641 2518 855 2612 Adrianus
877 2515 1084 2631 temporis
1111 2515 1321 2604 rationem
1356 2508 1530 2618 habuit,
1557 2513 1603 2602 δι
1627 2520 1719 2625 cius
1745 2512 1901 2608 ordine

641 2647 813 2742 servato
831 2639 1063 2757 descripsit,
1091 2637 1203 2754 Feijo
1224 2637 1392 2730 nullum
1409 2636 1605 2736 servavit.
1662 2637 1799 2738 Unde
1815 2643 1902 2738 for·

643 2801 688 2876 te
703 2773 1000 2871 dicendum'srt
1017 2770 1253 2860 Adrianum
1279 2767 1530 2889 descripsisse
1557 2767 1655 2892 post
1673 2769 1903 2888 Fetjonem,

644 2905 764 3026 quod
799 2903 904 2994 mihi
941 2899 1088 2997 videre
1117 2897 1271 2989 videor
1299 2925 1355 2987 ex
1382 2900 1471 2989 vol.
1499 2900 1561 3001 V.
1590 2897 1667 2996 ubi
1703 2929 1799 3021 pag.
1829 2929 1900 3021 29.

645 3036 702 3129 ad
738 3031 956 3151 epistolam
996 3025 1190 3144 Casparis
1232 3023 1387 3144 Urstni
1407 3025 1516 3119 Velii
1545 3025 1603 3118 ad
1633 3021 1818 3146 Viglium
1832 3031 1904 3125 da·

644 3189 734 3257 tam
752 3191 809 3254 ex
827 3161 1060 3276 iliniponte
1091 3179 1129 3269 7.
1157 3152 1376 3250 Februarii
1397 3179 1520 3269 1532.
1538 3154 1630 3248 haec
1654 3155 1698 3244 in
1713 3159 1905 3278 margine

646 3298 746 3410 lego
776 3290 852 3382 alii
888 3315 1019 3379 manu
1057 3279 1245 3394 adjecta:
1289 3281 1518 3374 Omittotur
1543 3281 1604 3380 s?
1632 3285 1907 3406 interseratur

649 3425 781 3512 literis
807 3421 1007 3508 doliorum
1036 3417 1255 3517 uirorum,
1294 3408 1413 3519 &st
1436 3437 1538 3529 quos
1551 3409 1709 3524 similes
1735 3414 1810 3510 olii
1836 3413 1908 3509 uel

583 3539 594 3560 '
651 3555 706 3640 nd
736 3548 781 3642 V
778 3547 918 3664 iglium
942 3540 1013 3632 vel
1034 3539 1090 3627 ad
1112 3540 1211 3628 alios
1227 3534 1492 3657 scripfierunt.

710 3677 920 3770 Ceterum
949 3697 1006 3760 ex
1043 3667 1109 3756 his
1145 3685 1328 3782 quatuor
1358 3663 1653 3760 voluminibus
1683 3668 1908 3791 selegimus

458 3815 467 3831 ‘
648 3803 878 3902 nonnullas
894 3795 1115 3916 epistolas,
1144 3823 1236 3910 quae
1258 3791 1302 3882 in
1327 3791 1541 3908 prioribus
1564 3795 1645 3886 illis
1663 3798 1907 3914 perAdrr'a·
2073 3875 2077 3884 ,

653 3967 750 4027 num
784 3939 1025 4027 Gratianum
1052 3924 1268 4043 descriptis
1295 3929 1480 4021 inventae
1507 3953 1599 4016 non
1625 3925 1733 4018 sunt.

714 4061 835 4176 Quid
869 4058 1056 4150 utilitatis
1095 4053 1393 4172 epistolissuis
1438 4050 1566 4145 inesse
1601 4049 1775 4171 Viglius
1808 4081 1907 4150 een·

652 4194 809 4297 suerit,
845 4191 889 4276 in
917 4183 1169 4276 testamento
1201 4180 1276 4272 suo
1315 4179 1535 4300 prodidit,
1570 4175 1644 4269 ubi
1672 4205 1714 4266 n.
1753 4207 1817 4273 rr.
1846 4182 1905 4276 ita

653 4321 860 4441 loquitur:
889 4311 1038 4412 Libros
1052 4309 1332 4427 familiarium
1359 4307 1646 4431 epssolarum,
1674 4313 1909 4432 ceterasque

1820 4467 1905 4538 ‚mr
