4882 5804
732 595 821 718 20⁶
846 585 1087 701 vtotrt
1112 601 1183 686 rr
1208 583 1473 686 Aaron
1507 581 1880 686 zutotrontt

562 859 692 926 nr,
908 781 1418 923 notston'n
1474 803 1750 930 lxxv.

564 961 616 1008 no
629 939 674 1002 11.

562 1019 622 1084 ¹⁰¹·
642 1020 713 1181 ³⁴⁸}
739 1052 1004 1167 JOANNI
1031 1049 1590 1148 cflntsosronro
1615 1049 1932 1147 zarano,

581 1287 687 1384 ¹53⁶·
739 1281 909 1381 Laudat
960 1277 1182 1374 Zanchum
1221 1279 1269 1371 ol
1296 1293 1406 1400 pane
1455 1286 1586 1371 rictam
1628 1277 1697 1373 Cae'
1712 1267 1806 1400 aris.
1863 1277 1939 1372 De

796 1389 1109 1510 latratoribus
1123 1404 1263 1514 graecis
1289 1422 1389 1498 excat
1404 1422 1448 1483 rs.
1505 1391 1582 1486 De
1599 1391 1675 1511 offe
1703 1401 1789 1484 orio
1803 1419 1936 1484 amne·

795 1538 854 1600 re.
919 1509 1048 1598 Dolet
1088 1509 1307 1598 literatum
1327 1505 1465 1618 studia
1531 1504 1710 1624 aiamim
1749 1503 1797 1599 ol
1830 1509 1936 1600 aava

794 1625 993 1740 dogmata.
1049 1619 1229 1714 Extollit
1242 1620 1468 1714 Matthiom
1487 1529 1631 1712 letti.

738 1849 965 2019 Singularis
993 1867 1051 1923 tua
1079 1848 1290 1926 eruditio&
1315 1841 1510 1928 numnius
1535 1847 1586 1922 lte
1611 1869 1667 1924 tna
1694 1847 1934 1948 saepenumero

818 1969 937 2025 coram
962 1969 1018 2022 rne
1034 1945 1176 2033 affecit,
1201 1965 1241 2021 ut
1257 1942 1294 2018 δι
1315 1942 1550 2020 discedentem
1574 1963 1610 2018 te
1627 1941 1773 2022 Pativlo'
1792 1943 1934 2024 Raven-

686 2073 688 2082 ⁴
735 2067 817 2125 nam
829 2095 841 2132 ,
875 2045 977 2140 gravi
1000 2044 1209 2140 interruptae
1237 2057 1367 2114 munta
1385 2038 1648 2120 consuetudinis
1671 2043 1795 2118 dolote
1808 2043 1934 2142 ,perse

732 2161 883 2242 querar,
909 2141 947 2216 δι
971 2160 1065 2214 nunc
1087 2140 1190 2214 etiam
1205 2136 1349 2213 subinde
1364 2140 1418 2212 tui
1432 2135 1637 2212 denteriurn
1657 2157 1825 2216 recurrat.
1858 2131 1935 2220 Uol

734 2239 824 2314 vero
841 2256 936 2310 tuam
952 2237 1065 2332 reperi
1080 2232 1280 2332 epistolam,
1302 2233 1459 2329 juniiatn
1475 2236 1587 2310 literis
1601 2229 1649 2310 D.
1667 2236 1832 2313 Matthiae
1847 2233 1935 2312 Pro·

734 2333 953 2420 cancellarii,
971 2331 1042 2406 dici
1058 2353 1114 2406 me
1131 2329 1269 2406 Hercle
1286 2354 1358 2405 non
1375 2327 1509 2426 potest,
1530 2347 1660 2428 quanta
1677 2330 1738 2407 fim
1752 2332 1936 2431 voluptate

738 2427 918 2528 perfusus,
930 2427 1197 2524 quodnondtrm
1209 2430 1303 2526 aputl
1315 2447 1351 2502 te
1363 2427 1462 2596 Vfflt‘i
1471 2429 1672 2502 memoriam
1686 2429 1874 2516 abolitam,
1892 2433 1932 2509 ἃ

734 2547 774 2604 te
792 2527 913 2600 virere
928 2529 1113 2620 valeteque
1129 2526 1168 2601 &
1186 2523 1379 2598 desiderato
1424 2524 1581 2596 odiorum
1597 2524 1674 2598 otio
1694 2523 1788 2610 frui,
1803 2545 1848 2599 ex
1863 2527 1932 2603 11111

734 2624 838 2698 certo
856 2619 1112 2718 cognoscerem.
1163 2617 1262 2693 Meae
1279 2637 1392 2692 notem
1411 2641 1467 2692 rer
1486 2616 1537 2692 ira
1560 2619 1611 2692 uti
1633 2639 1678 2692 ex
1695 2623 1801 2716 tago,
1825 2635 1932 2718 atque

735 2719 784 2795 D.
816 2719 947 2795 Mathia
972 2713 1199 2803 intellexisti,
1222 2713 1361 2788 suntin
1386 2713 1559 2796 mediocri
1583 2715 1683 2790 stato.
1731 2715 1828 2790 Nam
1853 2717 1932 2797 haec

735 2815 890 2897 functio,
915 2833 991 2907 quae
1010 2812 1155 2888 Caesaris
1176 2808 1347 2886 beneficio
1363 2809 1422 2886 llic
1440 2809 1528 2884 milti
1550 2809 1700 2981 obtiffit,
1726 2815 1762 2888 in
1783 2810 1932 2893 Germa·

735 2913 796 2985 nia
814 2909 930 2984 nostra
945 2911 1145 3007 cumprimla
1165 2910 1338 2982 honorata
1359 2929 1403 2981 ac
1417 2909 1627 3004 compendio
1643 2933 1663 2983 a
1680 2909 1848 2986 censetur.
1872 2909 1935 2992 De

740 3007 963 3104 Panegyrico
983 3029 1020 3082 te
1037 3007 1164 3092 laudo,
1189 3005 1251 3098 qui
1270 3003 1382 3078 {indit
1401 3023 1462 3080 tua
1482 3005 1524 3078 ad
1545 3005 1718 3079 Caelarem
1735 3009 1932 3085 ornandum

736 3107 938 3180 contuleris.
988 3099 1115 3200 Neque
1137 3119 1172 3176 te
1189 3101 1262 3194 elus
1279 3123 1400 3197 operte
1417 3099 1624 3196 poenitebit,
1649 3101 1707 3174 led
1722 3099 1858 3177 occasto
1872 3131 1933 3183 ex-

738 3199 933 3298 pellenda,
960 3222 1001 3273 ac
1024 3201 1127 3274 etiarn
1148 3195 1282 3293 aliquid
1292 3199 1519 3292 quaerendum
1541 3195 1636 3293 quod
1656 3197 1772 3274 Caeiar
1793 3197 1861 3274 tibi
1879 3227 1936 3279 ro·

736 3300 835 3393 genti
852 3299 940 3371 citra
964 3293 1056 3368 soant
1079 3297 1245 3391 jaiiuram
1272 3294 1404 3368 donare
1423 3291 1538 3389 polilt,
1589 3291 1654 3367 Est
1674 3295 1765 3375 enirn
1815 3301 1935 3396 ropria

735 3392 897 3486 quedam
914 3394 950 3464 in
969 3391 1128 3486 Regum,
1154 3386 1398 3486 Caesarumque
1419 3391 1506 3462 tulit
1530 3389 1747 3464 liberalitatie
1771 3397 1932 3560 ¹trecies,

736 3510 779 3566 ut
796 3512 866 3564 non
881 3507 1067 3574 nummos,
1091 3485 1148 3562 sed
1172 3487 1327 3559 honores
1353 3505 1395 3556 ac
1418 3507 1497 3580 quae
1525 3504 1656 3558 vocant
1680 3487 1769 3562 bene
1794 3490 1848 3564 cia
1869 3491 1933 3568 do.

739 3604 835 3659 nent.
884 3583 989 3657 Petrei
1015 3579 1282 3678 Epigrammata
1308 3580 1464 3654 nondum
1488 3573 1655 3658 tnllri'lric
1677 3585 1799 3660 videte
1819 3589 1930 3666 licuit.

737 3678 974 3756 institutiones
991 3680 1161 3762 Graecae,
1183 3697 1267 3772 quaa
1285 3677 1418 3750 Bombos
1433 3679 1519 3752 mihi
1535 3682 1828 3769 communicarat,
1854 3684 1931 3760 Fro-

734 3777 823 3852 tero
843 3776 994 3852 edendas
1018 3775 1170 3859 tradidi,
1203 3771 1240 3846 δι
1265 3773 1345 3870 post
1370 3788 1448 3849 cunr
1479 3773 1631 3849 Lutetiae
1652 3779 1793 3871 quidam
1815 3779 1933 3861 denuo

737 3896 795 3948 eae
813 3873 976 3956 excudit,
1001 3889 1043 3946 ac
1070 3873 1106 3944 in
1138 3869 1358 3953 Germania,
1389 3871 1577 3966 Galliaque
1601 3872 1645 3944 ab
1669 3871 1825 3950 studiolia
1850 3901 1932 3955 cum

740 3967 863 4066 plausu
884 3983 1035 4062 receptae
1051 3966 1139 4041 sunt
1189 3968 1379 4040 Bomio-ens
1399 3968 1523 4052 metito
1540 3989 1702 4064 acceptat
1718 3972 1798 4055 tuli,
1815 3983 1931 4071 neque

738 4068 833 4235 illel?
856 4066 998 4232 irffienui
1016 4065 1120 4136 animi
1138 4061 1269 4147 fuiliet,
1293 4065 1382 4233 tagi
1400 4063 1558 4232 bseneficii
1580 4067 1933 4236 augnoremssdtffimua
1967 4113 1973 4126 ·

733 4167 1927 4450 tntairlillllltrll’tlliltll

851 4379 869 4426 e
899 4407 908 4438 ,
1367 4378 1387 4427 e
1449 4378 1468 4427 e
1537 4378 1574 4426 er
1610 4379 1664 4429 oe
1737 4403 1749 4438 ,
1774 4379 1817 4452 pr

735 4447 902 4546 iugtessits
921 4448 1062 4546 pristina
1077 4442 1186 4524 studia
1208 4448 1253 4523 ad
1271 4469 1410 4548 tempus
1427 4453 1655 4528 intermittere
1673 4471 1793 4550 cogor.
1828 4457 1930 4548 Eras-

835 4595 845 4606 -
1222 4595 1224 4600 ·
1317 4570 1322 4583 ·
1856 4573 1928 4628 m

2023 3931 2051 3982 ᾗ.
