4882 5804
759 656 841 755 194
867 625 1112 734 vtuuu
1138 649 1205 724 aa
1233 627 1495 732 nuqua
1521 627 1895 746 zu1cuunu

756 808 844 892 nihil
874 804 1035 904 profesto
1071 809 1185 910 legam
1210 807 1414 924 lubentius..
1444 809 1542 892 Bene
1567 817 1649 892 vale
1673 821 1951 930 excellentiusque

757 925 969 1004 ptaeceptor.
1000 903 1124 1003 Spirae.
1150 928 1207 1002 27.
1218 905 1435 989 Novembris
1457 933 1514 991 an
1540 929 1647 1012 1535.

952 1095 1482 1200 uutsuoua
1553 1101 1754 1205 Lxx

574 1252 718 1417 iliis.
901 1304 1322 1466 aunuum
1388 1309 1829 1417 anc1AT1.

580 1427 611 1490 ’⁸
631 1416 698 1488 ³28·
760 1514 997 1612 Clarissimo
1022 1515 1316 1624 Jureconsulto
1348 1525 1393 1613 du
1431 1521 1537 1618 ces.
1578 1525 1851 1650 Consiliario,
1877 1539 1953 1640 do·

871 1632 992 1720 mino
1019 1629 1170 1750 Viglio
1197 1629 1463 1750 Zuichemo‚
1490 1641 1632 1734 amico
1661 1647 1840 1764 optimo.

1761 1824 1898 1944 Spita.

459 2031 462 2036 ¹
610 2005 715 2101 153⁶·
757 2003 833 2096 Aa
850 2007 1327 2123 proximepracedeatem
1406 2007 1557 2120 isiolom
1575 2011 1796 2134 respondet.
1858 2025 1957 2145 Qut.

816 2119 888 2206 dus
912 2146 965 2208 ex
982 2115 1179 2236 capitibus
1200 2119 1328 2238 Viglii
1358 2129 1414 2222 ti
1438 2121 1564 2221 litera
1575 2132 1808 2248 gratastut.
1865 2143 1917 2234 A

846 2230 995 2338 laudii,
1022 2232 1131 2347 quod
1144 2236 1232 2347 ejus
1245 2244 1439 2349 promotio
1459 2245 1608 2331 uirtuti
1625 2271 1702 2334 uon
1712 2247 1865 2356 fatuari
1939 2311 1955 2330 ·

809 2253 970 2442 {eatan
1032 2345 1121 2442 Cur
1165 2345 1345 2464 reliquas
1380 2349 1673 2448 lucubrationes
1693 2361 1799 2475 suas
1838 2373 1956 2466 edere
2093 2377 2095 2380 ’

814 2486 892 2546 uon
900 2456 1087 2569 sejiiuet,
1114 2465 1290 2549 rationes
1311 2465 1462 2576 adfert.
1519 2467 1595 2554 De
1609 2473 1739 2560 adver
1755 2485 1844 2567 ario
1859 2511 1953 2602 quo·

802 2573 911 2659 dam
922 2570 1000 2688 suo
1021 2599 1069 2659 ac
1087 2573 1137 2662 de
1154 2569 1206 2688 J.
1234 2572 1282 2665 F.
1309 2605 1336 2662 a
1362 2573 1489 2694 Ripa.
1553 2577 1672 2672 Uuus
1712 2585 1767 2678 tbi
1792 2591 1958 2714 ngiue

814 2683 936 2800 iustae
961 2692 1136 2778 amatium
1160 2685 1226 2801 est.

851 2891 924 2969 lsce
949 2891 1188 2978 Saturnalibus
1210 2895 1325 2972 allata
1352 2899 1397 2974 ad
1422 2921 1480 2976 me
1504 2897 1584 2979 sunt
1603 2905 1716 2984 litetae
1738 2931 1832 3009 tuae,
1864 2941 1955 3018 quaa

874 2991 962 3064 alius
985 2989 1080 3066 forte
1102 2993 1185 3068 loco
1206 2997 1301 3068 xenii
1317 2994 1526 3094 accepisset,
1557 3025 1624 3098 ego
1649 3008 1736 3085 verb
1758 3034 1828 3088 non
1853 3023 1955 3100 aliter

759 3113 801 3164 ac
820 3086 1018 3164 thesaurum
1040 3089 1215 3186 quendam
1238 3093 1454 3188 amplexatus
1482 3093 1577 3184 sum,
1603 3123 1707 3196 quem
1735 3105 1955 3209 cumprime

759 3187 881 3260 diebus
917 3208 1092 3282 tamquam
1154 3209 1292 3284 ompam
1318 3187 1625 3281 circumtuliss'em,
1660 3201 1848 3302 amicisque
1874 3235 1959 3292 cum

759 3283 882 3356 nostris
904 3283 1080 3355 communi
1150 3307 1227 3369 em,
1253 3281 1450 3384 diutiusque
1472 3288 1509 3363 in
1535 3287 1610 3388 fagi
1634 3288 1795 3377 folliculo
1817 3305 1960 3386 habuis·

758 3375 850 3464 sem,
870 3376 1009 3472 reposui
1020 3381 1158 3453 tandem
1169 3383 1207 3452 in
1217 3377 1386 3455 saniiiore
1399 3387 1598 3471 larari0‚u't
1613 3388 1663 3463 ibi
1677 3392 1769 3471 inter
1797 3397 1837 3468 ni
1861 3405 1956 3478 iriae

630 3524 631 3532 ,
758 3467 962 3552 hammer.
1019 3471 1126 3550 Nihil
1157 3496 1252 3550 certe
1282 3479 1402 3572 potuit
1424 3480 1511 3555 mihi
1538 3483 1728 3580 jucundius
1757 3501 1956 3601 gratiusque

759 3567 854 3646 hisce
875 3569 997 3644 diebus
1020 3572 1243 3668 contingere,
1268 3594 1427 3649 nontam
1443 3579 1543 3673 qubd
1564 3582 1823 3679 elegantisiimae
1840 3603 1951 3694 quod·

758 3685 806 3741 ve
831 3665 1074 3741 humanilstmae
1103 3667 1210 3742 essent
1236 3669 1291 3740 hae
1312 3669 1452 3758 litem,
1484 3676 1615 3750 etenim
1648 3683 1727 3756 haec
1749 3689 1864 3768 virtus
1891 3699 1956 3774 tibi

757 3781 838 3844 eum
860 3761 1031 3859 plerisque
1054 3764 1103 3837 est
1124 3765 1338 3854 communis,
1363 3765 1466 3864 quim
1488 3775 1585 3867 quod
1609 3774 1745 3872 duplici
1764 3786 1830 3862 alia
1857 3812 1954 3868 com·

758 3860 984 3934 mendabatut
999 3861 1144 3934 ratione.
1193 3859 1313 3935 Altera
1331 3863 1427 3959 quod
1439 3869 1602 3945 amicitia
1614 3893 1751 3950 mecum
1766 3881 1865 3960 initae
1882 3911 1956 3980 me·

758 3977 891 4029 morem
906 3974 962 4041 te,
986 3958 1144 4050 quamvis
1167 3978 1268 4034 tanto
1289 3975 1460 4036 tetrarum
1484 3963 1670 4042 intervallo
1687 3975 1862 4058 videbam.
1892 3985 1956 4062 Al·

758 4067 833 4124 teta
856 4049 953 4144 quod
984 4073 1094 4138 eum,
1123 4075 1228 4150 quem
1251 4055 1398 4128 amicum
1429 4059 1517 4133 mihi
1538 4059 1714 4153 sciebam,
1744 4073 1789 4147 ad
1814 4080 1962 4160 altiores.

757 4144 966 4242 dignitatum
990 4148 1119 4240 gradus
1153 4149 1259 4224 evehi
1282 4149 1432 4228 laetabat.
1482 4155 1617 4236 Merito
1646 4185 1731 4260 ergo
1755 4171 1857 4246 talem
1885 4199 1960 4272 ego

755 4239 936 4338 epistolam
984 4241 1126 4334 Intimi,
1151 4265 1192 4320 ut
1218 4244 1413 4339 debebam,
1445 4247 1542 4330 feci:
1566 4257 1700 4354 tibique
1719 4261 1790 4338 hoc
1812 4275 1955 4350 nomine

753 4339 938 4430 maximam
1001 4338 1070 4413 beo
1083 4343 1251 4436 gratiam,
1274 4345 1335 4438 qui
1357 4365 1439 4421 eum
1454 4353 1545 4428 celo
1568 4373 1720 4429 amorem
1748 4382 1820 4437 non
1843 4387 1957 4446 muta-

751 4435 866 4526 veris,
892 4435 1023 4532 quique
1046 4435 1169 4514 Alciati
1190 4438 1242 4514 tui
1261 4439 1364 4514 etiam
1383 4445 1422 4518 in
1445 4451 1580 4544 optima
1599 4449 1741 4530 fortuna
1756 4456 1864 4552 fueris
1882 4488 1962 4546 me·

751 4550 838 4611 mor.
869 4527 1091 4632 Conquestus
1108 4535 1319 4638 quandoque
1336 4534 1410 4619 sum
1420 4593 1439 4639 ,v
1457 4563 1567 4630 mmts
1577 4544 1672 4652 saepe
1684 4549 1781 4649 fieti,
1804 4557 1956 4737 utlgin.

1894 4683 1965 4766 let
