4612 5850
533 547 726 650 EPIST.
755 537 1058 644 SELECTAE
1083 563 1150 633 ab
1178 539 1506 646 DlVERSOS.
1535 577 1619 675 345

447 749 596 831 larium,
613 767 654 818 ac
670 736 841 813 Canonici
860 732 1048 828 Regularea
1069 729 1339 808 Reformationia
1358 738 1615 818 Windesemen·

447 845 502 918 lis.
552 839 763 934 Quanquam
780 853 895 906 autem
920 849 1038 902 omnes
1058 827 1211 903 Abbates
1233 831 1389 921 Mirati,
1413 839 1547 909 ratione
1560 839 1616 933 ju·

446 937 590 1012 rumenti
606 933 700 1029 quod
726 929 887 1024 praellant
908 925 944 995 in
970 921 1181 1017 susceptione
1206 925 1382 1019 dignitatis
1397 929 1613 1022 Abbatialis,

424 1049 426 1054 '
447 1049 629 1109 teneantur
652 1031 747 1101 adire
766 1020 964 1096 Concilium
980 1019 1170 1118 Generale,
1197 1021 1374 1096 videretur
1392 1044 1505 1100 tamen
1524 1027 1615 1102 suffi-

441 1151 536 1214 cere,
563 1126 658 1221 quod
676 1145 719 1194 ex
736 1117 874 1215 lingulis
887 1110 1041 1212 'praefatis
1059 1115 1253 1188 Ordinibus
1277 1139 1364 1190 unus
1382 1142 1440 1192 aut
1455 1124 1525 1196 duo
1541 1127 1613 1196 Ab·

425 1223 539 1296 bates
555 1243 598 1296 ex
609 1215 822 1292 dostioribus
833 1215 1051 1284 mitterentur
1061 1231 1070 1282 r
1080 1209 1245 1304 quodque
1260 1212 1491 1310 unusquisque
1509 1215 1611 1293 Ordo

438 1307 554 1412 sequm
577 1314 755 1388 allumeret
769 1312 856 1383 duos
880 1307 1085 1398 Theologos
1101 1353 1112 1388 ,
1128 1307 1165 1378 δι
1186 1327 1290 1378 unum
1312 1307 1550 1398 Canonillam,
1570 1339 1611 1391 ac

434 1413 608 1508 sumptum
625 1430 690 1504 pro
718 1408 771 1480 bis
795 1402 1023 1498 unusquisque
1052 1397 1155 1473 Ordo
1182 1402 1429 1480 contribueret.
1480 1409 1529 1482 Et
1545 1433 1609 1496 ne,

434 1530 476 1582 ut
491 1507 570 1580 fieri
586 1505 695 1587 solet,
721 1504 873 1596 deligant
891 1497 1025 1592 aliquos
1048 1496 1091 1567 ad
1107 1495 1197 1569 hanc
1214 1497 1429 1591 provinciam
1449 1503 1612 1598 ineptos,

436 1605 496 1678 vel
515 1603 576 1696 qui
588 1600 728 1674 veniant
744 1598 910 1668 duntaxat
926 1593 971 1666 ad
985 1587 1204 1665 defendenda
1227 1592 1413 1689 privilegia
1432 1595 1469 1669 dc
1492 1620 1609 1672 exem·

436 1701 595 1794 ptiones,
618 1692 783 1788 expedire
808 1692 1006 1778 videretur,
1030 1706 1070 1758 ut
1095 1683 1210 1759 Caesar
1232 1686 1277 1758 ab
1299 1691 1347 1761 eis
1371 1710 1503 1784 peteret
1516 1695 1608 1770 dele·

434 1796 528 1866 &um
548 1793 665 1863 talium
679 1787 902 1884 personarum
929 1781 989 1854 fibi
1009 1781 1163 1878 permitti
1178 1784 1235 1855 vel
1254 1803 1294 1855 ut
1310 1781 1383 1877 ipse
1406 1788 1538 1882 aliquos
1558 1791 1609 1866 ela

433 1889 653 1972 nominaret,
679 1883 740 1978 qui
755 1879 924 1977 Majestati
943 1875 1008 1950 suaa
1033 1877 1234 1973 cumprimis
1257 1879 1376 1953 idonei
1392 1885 1606 1960 viderentur.

432 1982 569 2072 Quinto
592 1983 611 2022 *
633 1981 716 2054 loco
751 1975 829 2050 sunt
859 1993 1008 2068 quatuor
1029 1970 1184 2046 Ordines
1211 1973 1515 2067 Mendicantium,
1547 1983 1608 2080 qni
1642 2011 1753 2089 apg„

432 2080 517 2152 mibi
533 2099 602 2150 non
618 2074 783 2148 videntur
803 2093 822 2142 a
848 2090 923 2160 tam¹
940 2066 1057 2140 saniio
1078 2070 1224 2162 negotio
1247 2071 1476 2162 excludendi,
1499 2099 1607 2172 quum
1642 2086 1769 2168 Quarto.

430 2171 590 2270 plerique
607 2167 701 2242 dosti
723 2169 814 2238 inter
834 2187 894 2237 eos
916 2161 1003 2236 lint:
1030 2165 1067 2237 &
1082 2165 1122 2236 ·hi
1137 2164 1184 2236 ob
1201 2166 1438 2257 quotidianum
1455 2172 1608 2248 docendi

433 2291 474 2342 ac
489 2261 720 2342 concionandi
738 2283 861 2334 munus
884 2258 1186 2332 controversatum
1205 2261 1410 2354 opinionum
1433 2263 1499 2338 sint
1513 2272 1606 2364 perl-

431 2366 549 2437 tioret.
601 2357 668 2432 llis
692 2358 781 2430 verd
810 2355 996 2428 maximum
1021 2356 1190 2446 praebebit
1219 2357 1501 2453 impedimentum
1521 2387 1604 2458 pan·

428 2479 572 2557 pertas„
607 2451 847 2544 Quamobrem
866 2447 891 2520 fi
912 2447 1026 2522 Caesar
1043 2449 1182 2542 juberet
1203 2448 1257 2522 hia
1280 2453 1426 2546 praeberi
1451 2455 1606 2552 sumptus

431 2556 475 2628 ab
494 2549 715 2626 Monasteriis
733 2546 961 2628 Monialium,
993 2541 1128 2637 pollent
1150 2546 1187 2620 oc
1209 2543 1294 2618 inde
1311 2569 1447 2642 quoque
1470 2553 1604 2648 aliquot

423 2647 574 2744 insignes
588 2645 655 2717 viri
670 2641 805 2725 assumi,
831 2641 892 2734 qui
908 2639 952 2711 ad
975 2637 1172 2713 Concilium
1189 2640 1417 2716 mitterentur.
1467 2645 1605 2742 Quinto

424 2747 506 2820 loco
521 2759 709 2817 occurrunt
728 2734 907 2832 Praepositi
927 2735 963 2808 &
981 2734 1141 2831 Collegia
1153 2733 1408 2812 Canonicorum
1425 2763 1603 2839 exempta,

429 2865 508 2939 quae
523 2837 707 2998 Episcopis
727 2853 796 2902 non
814 2829 972 2911 subsunt,
1004 2854 1116 2924 neque
1143 2832 1276 2925 aliquid
1302 2837 1540 2914 contribuunt:
1567 2841 1604 2916 dc

452 2959 504 3008 uae
521 2930 633 3008 solent
670 2927 731 3000 ere
749 2929 785 2997 in
804 2925 972 2998 Conciliis
986 2928 1224 3018 exemptiones
1244 2926 1317 3000 suas
1336 2931 1508 3005 mordicus
1525 2956 1604 3026 pro·

427 2961 546 3126 iequi:
572 3048 638 3099 nec
656 3021 699 3094 de
715 3019 961 3096 reformatione
979 3019 1142 3092 Ecclefiae
1172 3022 1313 3092 multum
1330 3043 1462 3096 curant.
1483 3089 1486 3094 .
1511 3027 1602 3104 Cti'm

429 3147 543 3200 tamen
563 3141 721 3214 magnam
738 3135 869 3211 partem
880 3116 1048 3186 bonorum
1061 3113 1378 3189 Ecclesiasticorum
1395 3119 1601 3215 pollideant,

428 3221 572 3316 aequitas
586 3239 628 3288 ac
645 3217 732 3286 ratio
749 3209 925 3306 postulat,
950 3232 987 3284 ut
1006 3209 1043 3283 δι
1069 3209 1140 3303 ipsa
1169 3233 1352 3285 commune
1371 3237 1458 3288 onus
1474 3215 1600 3294 serant.

427 3313 542 3389 Poilet
558 3309 699 3384 fortassis
716 3308 769 3380 his
786 3308 937 3402 injungi,
963 3326 1002 3378 ut
1024 3303 1263 3380 Univerliratis
1289 3307 1512 3387 Lovanienlis
1532 3314 1602 3391 De·

426 3411 557 3508 putatis
578 3407 732 3499 sumptus
750 3405 965 3498 praeberent:
991 3401 1063 3496 qud
1083 3401 1238 3473 Abbatea
1267 3401 1460 3478 Brabantiae
1473 3409 1517 3480 ab
1533 3434 1599 3485 cae·

423 3511 505 3579 teris
523 3527 591 3575 non
611 3501 864 3594 separarentur,
888 3500 945 3570 vel
969 3495 993 3568 sr
1023 3499 1072 3569 ita
1094 3499 1291 3584 videretur,
1318 3501 1601 3581 Mendicantibus

423 3601 596 3716 suppetias
619 3593 708 3668 serre
731 3593 873 3686 pollent.
925 3591 980 3664 De
1004 3593 1129 3685 quibus
1153 3594 1315 3664 omnibus
1334 3595 1448 3670 Caesar
1466 3621 1598 3696 tempe·

420 3696 509 3769 stive
524 3693 692 3764 mandare
707 3687 832 3780 pollet,
849 3687 932 3780 quid
950 3685 1023 3760 fieri
1038 3689 1159 3770 vellet,
1187 3687 1223 3758 dc
1248 3685 1392 3780 Reginae
1417 3711 1476 3764 aut
1504 3694 1599 3768 Con·

422 3791 497 3865 silio
513 3788 631 3861 Status
644 3781 843 3856 senientiam
864 3779 952 3853 suam
969 3784 1121 3873 aperire:
1148 3805 1252 3870 quum
1276 3785 1311 3854 in
1331 3802 1426 3858 tanta
1443 3791 1596 3883 capitum

420 3885 667 3960 multitudine,
703 3903 758 3952 res
792 3901 862 3950 non
885 3877 1035 3950 caritura
1064 3875 1106 3947 srt
1132 3875 1342 3951 difficultate.
1379 3882 1597 3960 Conveniret

421 3979 622 4077 quoqueiis
646 3976 828 4054 omnibus,
854 3975 914 4067 qui
940 3995 981 4044 ex
1004 3972 1176 4065 Principia
1198 3976 1407 4050 authoritate
1438 3981 1482 4052 ad
1501 3977 1596 4052 Con·

419 4082 535 4160 cilium
557 4069 835 4168 proficiscentur,
857 4087 965 4161 caput
985 4069 1125 4161 aliquod
1153 4066 1229 4140 dari
1253 4071 1296 4140 ab
1322 4070 1472 4157 Caesare,
1498 4077 1595 4169 quod

417 4196 535 4249 eorum
554 4165 706 4241 adiiones
724 4165 870 4256 dirigat,
895 4185 934 4235 ac
948 4166 1087 4236 nomine
1111 4163 1233 4235 harum
1251 4168 1506 4256 provinciarum
1524 4172 1597 4243 hae-

418 4266 673 4352 reditariarum,
722 4280 774 4332 uae
788 4259 913 4331 merito
930 4281 1000 4330 non
1017 4255 1224 4350 postremum
1241 4259 1276 4331 in
1295 4258 1457 4336 Concilio
1477 4267 1607 4340 locum'

417 4383 533 4530 tenfre
551 4359 700 4526 deloblrent,
742 4355 959 4449 egerimunus
975 4357 1211 4520 h⁰n⁰oenpiq⁰e
1228 4351 1395 4435 sustineat.
1418 4359 1476 4436 Ad
1489 4382 1594 4456 quam

496 4477 555 4530 ome
626 4502 637 4527 e
1156 4469 1182 4525 x
1512 4474 1594 4551 pro·
