4680 5828
543 635 741 738 EPIST.
771 630 1079 740 SELECTAE
1104 664 1172 736 an
1208 637 1541 748 DIVERSOS.
1599 671 1655 768 35

446 859 490 916 ee
504 837 666 916 reserant.
715 837 810 918 Audi
825 842 956 940 itaque
981 867 1094 941 pauca
1122 845 1167 920 de
1184 841 1281 920 vinu
1305 842 1342 917 ἂ
1374 839 1567 926 studiorum
1589 866 1654 924 no

449 935 599 1014 slrornm
620 933 856 1028 institutione,
881 943 927 1020 de
949 944 1145 1022 illoautetu
1166 942 1276 1038 ptius.
1327 939 1398 1019 Pro
1423 964 1521 1022 more
1548 941 1653 1041 hujus

449 1033 544 1108 urbia
562 1035 740 1108 mortua
773 1037 891 1132 aliqua
920 1041 978 1116 vel
994 1038 1157 1120 cubicula
1179 1037 1431 1126 eorummet,
1455 1038 1515 1117 vel
1559 1043 1652 1115 otlur

443 1129 630 1205 condusiia
647 1150 751 1206 antea
766 1134 811 1212 ab
829 1135 875 1210 D.
887 1132 1047 1230 Frannfco
1072 1139 1138 1228 (a)
1162 1137 1305 1213 utimur.
1355 1131 1411 1212 Ea
1425 1159 1510 1234 pro*
1549 1133 1653 1216 ustu-

437 1227 585 1304 olorum
599 1226 792 1304 nostrorum
808 1226 887 1308 satis
903 1228 982 1308 sunt
999 1233 1182 1312 commoda
1195 1255 1237 1308 at
1255 1231 1358 1306 valde
1378 1233 1653 1328 amoem,longe

444 1343 561 1400 nmen
574 1323 687 1424 spatio
700 1327 743 1400 ab
753 1324 881 1402 sclrolis
892 1325 1070 1418 absumus,
1083 1326 1144 1408 sed
1159 1329 1226 1402 iter
1243 1326 1304 1406 sub
1314 1329 1491 1405 continuis
1503 1327 1651 1432 portici·

446 1420 511 1496 bos
525 1445 603 1498 eam
621 1421 723 1500 nobis
743 1425 838 1498 levat
860 1421 1065 1506 molestum.
1112 1423 1240 1504 Habet
1259 1446 1377 1504 autern
1404 1425 1483 1504 haee
1504 1426 1652 1504 vivendi

444 1520 536 1593 ratio
551 1521 723 1616 impendii
737 1520 775 1592 in
790 1519 892 1596 initio
915 1523 1127 1616 plurimum,
1151 1518 1233 1598 crim
1250 1525 1295 1599 ad
1313 1517 1439 1598 merasce
1455 1517 1552 1600 usum
1572 1543 1649 1602 otu-

443 1615 501 1688 nia
515 1617 616 1689 nobis
631 1612 697 1690 lint
712 1617 967 1720 comparanda3
993 1641 1059 1698 uec
1082 1617 1192 1692 leslor
1203 1641 1344 1714 quoque
1363 1641 1430 1692 nec
1446 1619 1649 1698 lnteamim

439 1711 569 1810 hospes
575 1712 850 1808 praebentisque
864 1713 1047 1792 consutus
1056 1716 1108 1792 uti
1118 1715 1296 1814 cogimur,
1308 1711 1487 1811 quousque
1502 1716 1649 1827 propria

434 1813 645 1896 -emerimur,
669 1810 793 1886 tom&
808 1807 1038 1890 Biblomece
1052 1811 1390 1905 apteioslrumenta,
1414 1807 1648 1902 sedutobtlia,

385 1911 393 1984 .'
465 1903 514 1984 uel
543 1907 582 1982 ot
602 1909 672 1981 allo
695 1907 876 2017 mmrferri
897 1908 936 1986 it
951 1909 1057 2019 vendi
1080 1909 1203 1986 iterum
1230 1905 1375 2004 posint,
1400 1909 1647 2018 comparanda.

439 2002 1646 2208 ,ltltltltttllllltltflttill‘tlgllttlllastll

440 2191 545 2268 nobrs
556 2193 778 2298 prospestum
792 2192 855 2268 eil.
880 2193 1083 2286 Insumma,
1107 2215 1274 2291 quantum
1290 2198 1406 2272 adhuc
1425 2221 1469 2273 ex
1486 2198 1643 2296 premiis

435 2290 632 2376 rationem,
657 2291 927 2388 Calendariique
947 2293 1057 2372 nostri
1074 2293 1255 2388 percipio,
1279 2294 1421 2370 muham
1440 2294 1510 2370 lroc
1528 2295 1640 2372 modo

433 2386 1642 2584 tttlltlmltfflaillltlllllllltlallll‘ll:

434 2579 612 2658 suetudini
635 2584 673 2656 in
691 2583 830 2656 edendo
854 2583 949 2658 haud
975 2579 1058 2658 satis
1090 2602 1279 2678 congruat,
1305 2582 1396 2658 forte
1427 2585 1532 2660 etiam
1553 2581 1642 2660 lalu-

435 2677 563 2754 briter:
588 2680 758 2774 paulatim
774 2699 911 2766 tamen,
935 2701 979 2754 ne
992 2679 1117 2755 celum
1132 2681 1203 2763 hoc
1214 2702 1341 2754 temere
1357 2701 1636 2766 contemnamus,

433 2775 482 2848 ad
505 2773 662 2849 Italicam
684 2797 748 2847 nos
770 2772 1007 2872 frugalitatem
1022 2777 1080 2850 vel
1094 2779 1359 2872 temperantiam
1374 2775 1639 2854 accommodare

434 2869 662 2948 studebimus.
711 2871 843 2948 Curam
871 2895 986 2948 autem
1010 2873 1238 2968 comparandi
1265 2894 1307 2947 ea
1328 2895 1408 2968 quae
1430 2874 1477 2948 ad
1503 2875 1637 2952 vietum

435 2973 632 3064 pertinent,
651 2967 809 3044 sublevat
822 2965 972 3044 famulus
986 2970 1046 3044 ille
1056 2970 1100 3044 de
1117 2993 1189 3064 quo
1208 2968 1275 3044 tibi
1303 2992 1347 3044 ex
1370 2969 1528 3046 Veneriis
1553 2969 1636 3046 scri·

433 3063 505 3159 psr,
531 3089 636 3164 quem
662 3069 705 3140 D.
731 3063 917 3162 franciscus
940 3066 1043 3140 nobis
1068 3068 1280 3160 conjunxit,
1300 3066 1472 3139 utminus
1495 3066 1637 3144 molesta

432 3163 584 3257 ignotis,
607 3167 807 3258 linguaeque
824 3162 974 3258 ignaris,
994 3161 1170 3256 principia
1195 3159 1312 3236 essent.
1360 3159 1448 3252 Quo
1466 3159 1493 3234 st
1509 3186 1636 3275 perpe·

431 3277 495 3332 tuo
520 3263 574 3333 uti
595 3257 789 3354 pollemus,
815 3280 920 3353 atque
943 3256 988 3330 ad
1017 3280 1073 3331 eas
1097 3257 1266 3354 impensas
1282 3279 1368 3344 vos,
1393 3260 1465 3355 quo
1483 3261 1634 3354 quiettus

433 3353 695 3445 studiiededitis
710 3357 810 3430 nobie
826 3353 892 3429 else
908 3355 1048 3440 liceret,
1072 3377 1144 3429 non
1162 3354 1380 3442 abnueretis,
1397 3357 1506 3452 magia
1520 3359 1633 3432 multo

430 3453 595 3524 omnibus
613 3452 714 3525 nobis
733 3454 827 3524 intus
839 3452 938 3526 hicce
955 3451 1099 3524 vivendi
1117 3453 1240 3525 modos
1262 3450 1441 3526 arrideret.
1461 3451 1632 3529 Famulus
1773 3547 1776 3552 Ι

431 3569 548 3621 autem
568 3546 732 3644 spesiatae
753 3547 940 3643 probitatis
955 3567 1059 3644 atque
1080 3546 1163 3622 fidei
1178 3547 1250 3631 est,
1276 3548 1313 3620 &
1336 3552 1419 3620 olim
1436 3547 1631 3644 Augusteu-

432 3641 548 3729 fibos,
572 3667 677 3740 atque
691 3646 793 3722 etiam
813 3645 1083 3740 chllingerorum
1093 3645 1331 3739 patruelibus,
1356 3645 1392 3716 in
1408 3646 1530 3717 eodem
1546 3645 1631 3718 vitae

429 3745 560 3834 genere
574 3741 740 3827 servivit,
765 3761 928 3837 tenetque
942 3743 1095 3838 hnguam
1107 3739 1266 3814 Latinam
1286 3740 1323 3814 &
1338 3739 1491 3814 italicam
1501 3739 1631 3837 probe.

431 3839 589 3912 Transeo
622 3837 667 3910 ad
698 3837 840 3924 studia,
871 3859 1022 3933 quorum
1045 3835 1151 3912 causa
1175 3857 1302 3911 cetera
1326 3837 1443 3910 omnia
1471 3858 1491 3908 a
1525 3835 1630 3912 nobis

417 3935 540 4021 -tiunt,
565 3927 603 4011 ’δι
624 3957 703 4028 quae
726 3933 750 4006 sr
777 3932 937 4008 soeliciter
960 3925 1198 4018 sacceliarius,
1223 3933 1369 4005 aliorum
1392 3933 1566 4028 impendia
1581 3955 1628 4006 ae-

431 4032 611 4126 quioavos
630 4031 721 4104 ferre
736 4032 848 4108 decet.
871 4029 926 4102 Ea
938 4031 1038 4102 aliter
1051 4029 1211 4103 ordinavi
1228 4049 1334 4122 atque
1350 4025 1502 4114 institui,
1521 4025 1628 4124 quim

431 4150 550 4214 antea,
577 4131 673 4226 quod
688 4125 726 4200 &
742 4127 801 4200 hlc
819 4130 919 4200 locus
938 4122 1111 4220 postulat,
1130 4126 1167 4198 &
1191 4122 1342 4220 ipsorum
1359 4121 1627 4198 adolescentium

428 4223 609 4319 protenus
626 4243 667 4298 ut
694 4245 811 4301 coram
827 4223 893 4296 tibi
907 4221 1008 4296 latius
1031 4217 1186 4318 exposui.
1236 4221 1416 4316 Principio
1441 4223 1533 4294 enim
1556 4216 1628 4390 soff

1509 4337 1589 4390 man
1612 4335 1628 4388 t

475 4459 540 4544 (α)
563 4458 609 4530 D.
627 4412 804 4551 Frontisro]
832 4455 997 4552 Ruprlio,
1022 4462 1125 4548 ‘cujus
1154 4471 1255 4530 antea
1280 4457 1469 4546 ‘dilm'pulos
1496 4453 1545 4526 ibi
1573 4457 1628 4529 in*-

426 4537 603 4614 'uirorum

1003 4629 1038 4703 E
1065 4653 1085 4705 a
