4680 5828
593 687 787 788 eursu.
816 679 1122 786 minora
1158 702 1235 778 m
1263 679 1597 791 amusos.
1630 714 1693 810 532

489 911 616 988 magna
629 912 710 966 curn
726 888 876 964 nominis
890 890 958 964 mei
973 907 1057 1000 nota
1072 904 1294 1001 peccarerat,
1327 885 1382 962 Ut
1396 887 1580 985 postquam
1598 889 1687 965 Pro·
1760 913 1787 958 o

488 991 600 1060 metiri
623 985 703 1082 (6)
722 983 788 1062 else
813 1009 893 1102 non·
908 1005 1109 1096 potuimus,
1136 983 1308 1093 Eprmrtbti
1333 981 1407 1080 (7)
1431 981 1549 1058 saltem
1578 984 1677 1060 fiere·

480 1105 582 1168 mus,
606 1079 644 1152 &
669 1079 794 1176 sapere.
814 1083 966 1176 dentque
988 1082 1196 1154 vrderemur.
1246 1078 1474 1154 Mrffisutem
1504 1103 1544 1154 ea
1563 1099 1685 1156 errata*

486 1179 530 1258 ad
557 1177 668 1274 ipsum
692 1177 875 1270 Rupilium,
899 1175 992 1249 hisce
1014 1177 1122 1250 literis
1145 1197 1231 1268 quas
1254 1173 1368 1248 mense
1388 1175 1495 1262 Junio
1520 1176 1564 1250 ad
1595 1201 1675 1252 eum

486 1274 577 1347 dedi.
628 1270 712 1347 Hoc
737 1293 831 1346 anno
855 1273 899 1346 de
922 1273 1092 1345 Verborum
1115 1270 1298 1365 obligatione
1315 1267 1537 1354 Tractatum,
1564 1271 1588 1344 fi
1612 1273 1673 1348 hic

480 1367 666 1538 frofigear,
692 1371 929 1537 elxplicatgrrus
943 1365 1034 1480 suun:
1061 1369 1119 1534 eihsi
1132 1367 1269 1533 lfegibus
1288 1369 1464 1462 exceptio,
1490 1391 1575 1480 quas
1592 1369 1675 1442 allas

480 1487 575 1641 ,ott
596 1484 1080 1668 ,tortesmanse
1127 1483 1675 1669 ,persisterent

481 1680 558 1731 tror
576 1653 1165 1822 hequent1fflmumfore,uffropter
1181 1655 1374 1749 pestilitatis
1390 1677 1566 1765 umorem:
1592 1681 1683 1767 quae*

479 1775 594 1827 tamen
611 1749 692 1825 sane
716 1755 902 1846 plurimun
924 1773 1010 1825 remi
1036 1771 1071 1824 rt.
1120 1749 1211 1824 Sunt
1231 1768 1345 1823 tamen
1369 1773 1432 1845 qur
1458 1750 1683 1846 frequencius

478 1844 634 1921 futurum
665 1847 822 1921 divinare
849 1847 992 1930 velint,
1024 1847 1123 1943 quod
1145 1847 1316 1943 proximor
1332 1844 1587 1922 Univeriitateo
1605 1847 1670 1923 smt

476 1947 683 2028 exinanitae,
707 1943 943 2038 nusquamque
966 1945 1026 2018 vel
1050 1941 1255 2016 triobolares
1282 1945 1354 2032 (8)
1380 1940 1491 2018 adsmt
1507 1945 1669 2040 magistri.

475 2039 552 2118 Hic
573 2041 618 2114 de
635 2039 928 2147 ‘Furcamagnus
940 2041 1085 2112 omnino
1102 2039 1151 2112 est
1171 2061 1290 2114 rumor
1300 2086 1313 2122 ,
1340 2039 1431 2111 nihil
1446 2042 1542 2113 cerri.
1578 2037 1681 2114 Puto

477 2135 573 2230 apud
591 2157 668 2208 vos,
683 2153 799 2206 omnia
822 2131 888 2207 ess'e
908 2137 1067 2208 certiora.
1118 2135 1155 2206 Si
1182 2133 1267 2230 quid
1295 2137 1380 2205 novi
1399 2135 1498 2209 isthic
1517 2138 1668 2223 edatur,

478 2253 551 2402 31}t
560 2229 643 2402 libat,
668 2228 810 2326 quaeso,
838 2229 894 2303 fac
917 2254 973 2304 nne
997 2229 1204 2308 certiorem,
1242 2220 1343 2303 Vale.
1368 2229 1583 2329 Biturigibus
1606 2253 1678 2308 ιιι..

552 2348 647 2402 oris
672 2349 712 2400 ot.
736 2349 773 2406 n·
798 2347 917 2402 xxxtt.

961 2499 1185 2576 Ennaeas
1210 2499 1563 2576 Aternius-tuor.

473 2711 506 2757 ea
528 2689 603 2757 tohu
616 2692 711 2778 sunt,
732 2694 862 2780 inquit,
882 2707 917 2757 ot
936 2713 1002 2758 rum
1026 2699 1139 2778 quovis
1157 2697 1269 2776 ingenio
1290 2709 1402 2757 errrore
1416 2689 1535 2777 poliat.
1577 2691 1663 2758 Doi-

473 2782 517 2841 rio
532 2778 630 2858 suot,
646 2797 729 2872 perro
742 2779 833 2862 sont,
854 2775 999 2860 elegantia
1021 2779 1111 2860 saur:
1131 2777 1188 2862 sed
1212 2795 1269 2839 nort
1281 2775 1347 2858 fine
1365 2781 1490 2854 nerum
1500 2775 1662 2925 l{stercorio

472 2861 549 2924 vero
572 2863 662 2938 tales,
684 2876 718 2923 ttt
730 2869 818 2926 etium
837 2860 880 2924 od
898 2862 968 2944 usos
986 2863 1089 2928 rtottrs
1107 2857 1359 2946 vitaeconferont.
1380 2858 1495 2942 Apud¹
1529 2860 1672 2945 aylium.

471 2943 506 3006 in
529 2943 617 3009 Dite.
642 2945 710 3009 hoc
732 2961 795 3012 art.
817 2945 859 3008 ad
881 2945 947 3010 litt.
969 2943 1017 3009 M.

511 3026 573 3111 (6)
595 3027 780 3113 Promethei]
812 3027 900 3093 Haec
929 3027 973 3092 de
1001 3023 1134 3090 fabulis·
1151 3023 1335 3109 desumpta·
1356 3021 1434 3091 sunt
1462 3027 1671 3108 poetarum..

467 3107 691 3176 Prometheus
711 3112 824 3195 Japeti
845 3109 953 3186 filius,
976 3105 1198 3173 Deucalionis
1216 3122 1340 3190 pater,
1359 3108 1528 3175 Minervae
1550 3129 1672 3195 opera.

467 3194 505 3258 in
524 3196 653 3259 coelum
675 3191 1050 3269 subhtus‚,coetestem
1060 3189 1175 3274 ignem
1192 3191 1319 3256 dicitur
1334 3191 1399 3258 effe
1414 3191 1564 3273 furatus,
1586 3213 1670 3279 quo,

464 3277 596 3346 luteum
618 3280 793 3344 hominem
815 3297 834 3342 a
855 3274 888 3343 se
908 3275 1023 3341 fictum
1044 3273 1225 3350 accendit,
1248 3275 1488 3358 animavitque.

511 3361 574 3444 (7)
595 3359 623 3426 E
643 3361 784 3444 irretiti]
819 3359 1042 3442 Epimetheus
1064 3357 1171 3423 frater
1193 3357 1414 3434 Promethei,
1443 3359 1503 3442 qui
1524 3358 1562 3426 δι
1581 3357 1668 3443 ipse·

466 3443 599 3508 luteum
620 3381 794 3508 hominem
812 3441 954 3537 diffimili
977 3439 1214 3508 manufinxit.
1256 3441 1375 3524 Quare
1395 3459 1510 3510 autem
1533 3440 1667 3512 Aleia·-

467 3539 544 3603 tus,
566 3525 789 3610 Epimetheus
811 3526 906 3591 maht
925 3525 1012 3600 effe,
1034 3521 1134 3607 quam
1151 3523 1393 3602 Prometheus,
1416 3543 1488 3592 non
1508 3523 1586 3594 satis
1604 3525 1667 3592 al·-

466 3607 611 3692 sequor,
649 3627 728 3674 cum
749 3610 848 3692 hujus
868 3607 937 3674 sors
969 3607 1107 3675 felicior
1127 3607 1231 3674 inerit
1253 3605 1344 3675 forte
1371 3607 1471 3676 illius.
1512 3607 1668 3675 Prome--

465 3694 563 3757 theus
585 3692 735 3758 vinculis
753 3689 893 3770 tandem
917 3690 1046 3758 solutus
1074 3689 1138 3756 suit
1152 3691 1240 3775 Jove
1262 3691 1451 3756 Herculem
1466 3691 1627 3757 mittente
1639 3714 1653 3772 ς

462 3776 685 3861 Epimetheus
706 3791 820 3842 autem
842 3793 860 3841 a
884 3775 971 3856 Jove
992 3776 1037 3840 in·
1056 3774 1183 3839 simiam
1205 3774 1323 3840 versus
1342 3776 1378 3839 in
1396 3773 1523 3843 insulas
1538 3773 1668 3840 Pitho-

461 3859 558 3926 eusas
577 3860 748 3945 relegatus
769 3859 828 3926 est.
879 3855 921 3926 V.
956 3856 1327 3944 Contaminata.
1355 3855 1453 3942 tisim.
1482 3857 1517 3928 tr
1544 3857 1654 3943 Jacob.

465 3941 642 4012 Vonierr‘am
663 3952 696 4009 io
711 3948 834 4027 poitiro.

503 4027 566 4112 (8)
582 4025 765 4092 Trioboiares
779 4022 935 4120 mgijiri]
951 4023 1118 4120 Vanitatis
1134 4021 1172 4092 δι
1183 4023 1309 4177 ἒΙορίω
1315 4039 1493 4178 gerquam
1505 4024 1669 4112 cupidam

458 4111 600 4183 habitus.
613 4109 831 4182 estanores,
874 4107 965 4179 Vrde
983 4109 1184 4194 Baylsuma
1228 4109 1308 4177 htt.¹
1349 4157 1376 4177 ..
