4882 5804
710 687 792 800 ηε
820 649 1059 772 urunt-1·
1084 691 1155 768 nn
1182 667 1448 768 Arrun·
1474 668 1857 771 zurcnunrr

707 860 778 946 rit,
801 857 903 960 spero
927 855 1144 958 quodetiam
1167 855 1235 931 mei
1256 855 1477 955 provehendi
1497 856 1668 933 rationem
1692 858 1844 955 aliquam
1868 856 1922 936 m.

710 956 903 1034 habiturus.
952 955 1037 1030 Scio
1056 955 1093 1030 δι
1108 955 1265 1052 dieggerus
1280 957 1366 1030 mihi
1384 979 1428 1028 ex
1451 954 1565 1028 animo
1583 953 1765 1031 favere&
1780 979 1913 1056 cupere

710 1051 870 1152 prodesse
878 1104 891 1141 ,
917 1075 959 1128 ac
974 1054 1060 1126 alios
1071 1073 1344 1126 commemorate
1358 1049 1513 1148 pollem,
1536 1050 1595 1126 sed
1612 1073 1683 1125 nou
1700 1053 1750 1127 est
1767 1053 1911 1133 neeelie.

712 1145 795 1226 Scio
819 1151 992 1248 gradatim
1006 1149 1159 1223 honores
1185 1144 1344 1236 deferri,
1369 1169 1413 1222 ue
1440 1150 1613 1247 ucetiam
1644 1171 1712 1245 ego
1739 1173 1822 1224 mox
1850 1173 1913 1228 eor

714 1245 899 1342 obtingere
926 1245 1013 1318 mihi
1035 1267 1189 1340 unquam
1220 1245 1353 1342 cupivi.
1442 1265 1560 1318 autum
1590 1243 1735 1342 stipem
1759 1247 1912 1342 aliquam

660 1345 664 1356 ‘
713 1346 902 1440 concipere
920 1339 1076 1440 poffem,
1101 1341 1253 1438 experiri
1269 1342 1378 1416 volui.
1430 1340 1528 1414 Sunt·
1546 1344 1637 1416 euim
1662 1347 1913 1439 cujuscumque

713 1443 767 1516 rei
783 1443 899 1534 aliqua
925 1438 1085 1536 jacienda
1100 1434 1340 1512 fundamenta.
1387 1434 1480 1528 Quae
1497 1435 1575 1511 sero
1593 1440 1792 1514 ambiuntur
1798 1489 1823 1527 ,.
1834 1440 1914 1517 sero

712 1539 920 1614 obveniunt.
969 1532 1213 1624 Quamobrem
1238 1531 1263 1606 st
1287 1533 1354 1608 tibi
1369 1557 1439 1608 non
1456 1535 1581 1608 videor
1597 1535 1785 1612 inidoneus
1802 1541 1913 1613 omni·

713 1655 762 1709 no
783 1633 879 1718 fore,
904 1631 1021 1728 quaeso
1044 1653 1088 1704 ne
1105 1629 1259 1728 gravetis
1275 1649 1374 1704 tuum
1391 1631 1478 1705 mihi
1492 1629 1651 1708 favorem
1667 1632 1860 1730 impertiri„
1875 1633 1914 1709 δι

712 1733 808 1807 viam
822 1730 972 1825 aliquam
988 1725 1139 1802 sternere
1154 1726 1197 1800 ad
1208 1729 1359 1822 aliquam
1372 1727 1623 1803 conditionem.
1673 1729 1755 1825 Ego
1771 1731 1913 1805 vicilirm

712 1851 752 1904 er
776 1850 797 1900 a
820 1850 855 1903 te
870 1822 1123 1901 observantiam
1142 1845 1253 1896 meam
1269 1824 1606 1922 gratitudinemque,
1656 1826 1759 1901 uibus
1772 1825 1912 1922 polium

708 1851 839 1999 ‘obgrciis
863 1921 1058 2011 declarare,
1085 1918 1287 2016 ubicunque
1312 1918 1345 1995 se
1372 1920 1510 1998 dederit
1543 1849 1698 2013 occario,
1729 1923 1910 1998 laborabo.

709 2015 871 2096 Decrevi
902 2037 1019 2092 autem
1046 2016 1108 2091 sub
1134 2018 1297 2113 hyemem
1323 2020 1474 2113 patriam
1506 2017 1678 2110 revisere,
1705 2021 1744 2096 δι
1764 2017 1920 2096 fortaliti-

709 2117 850 2214 Spiram
868 2111 1039 2200 tranlibo,
1063 2131 1105 2188 ut
1129 2135 1248 2188 coram
1274 2135 1310 2188 te
1338 2113 1524 2190 consulam.
1576 2114 1716 2192 interea
1737 2139 1846 2212 rogo,
1871 2139 1912 2194 ut

711 2213 740 2288 sr
764 2215 829 2288 tibi
846 2213 939 2286 idem
955 2213 1094 2309 placet,
1119 2210 1218 2305 quod
1234 2212 1342 2300 mihi,
1367 2212 1491 2287 favore
1508 2229 1572 2288 tuo
1588 2210 1807 2312 prosequaris
1830 2236 1912 2311 pro·
2021 2285 2024 2292 r

708 2307 946 2418 moveoque,v
980 2304 1030 2388 lin
1052 2325 1155 2414 putas
1178 2303 1304 2382 frustra
1328 2331 1383 2385 me
1408 2311 1587 2398 laborare,
1618 2333 1708 2407 rogo
1735 2335 1775 2387 ut
1797 2333 1914 2388 meam

672 2449 679 2466 ·
711 2407 888 2490 stultitiam
905 2424 1050 2482 caeteror
1069 2405 1160 2478 celet
1171 2453 1184 2492 ,
1209 2405 1247 2479 &
1264 2404 1338 2501 ipse
1360 2429 1433 2480 non
1448 2429 1479 2480 ae
1522 2405 1542 2480 ὲ
1562 2406 1680 2495 feras,
1703 2409 1855 2483 neveob
1871 2409 1910 2482 id

710 2505 826 2578 minus
841 2525 973 2612 pronus
991 2501 1037 2586 ad
1061 2523 1118 2577 rue
1140 2499 1388 2576 redamandum
1413 2503 1470 2575 exi
1522 2525 1549 2576 r.
1596 2500 1650 2576 Hi
1666 2505 1728 2599 qui
1755 2503 1821 2577 ribi
1846 2505 1910 2580 har

712 2599 832 2688 literas
842 2597 1033 2682 adferunt„
1049 2598 1093 2674 de
1104 2600 1240 2671 creterir
1256 2597 1360 2671 rebus
1375 2595 1583 2693 studiisque,
1608 2619 1688 2673 cum
1703 2601 1808 2688 mela,
1833 2619 1910 2676 tum

709 2683 843 2792 lraliae,
868 2698 969 2792 plura
984 2691 1112 2770 referre
1127 2713 1306 2790 poterunt
1337 2691 1386 2778 Et
1402 2694 1560 2768 lubenter
1579 2698 1747 2770 nonnulla
1770 2699 1912 2786 audies,

713 2815 795 2890 quae
815 2813 881 2890 ego
897 2793 942 2866 ad
955 2791 1176 2864 communem
1191 2786 1422 2872 studiosorum·
1439 2791 1624 2874 utilitatem
1643 2795 1779 2867 molior.
1807 2795 1912 2870 Fran·

710 2885 829 2982 'cifram
857 2892 1005 2972 Curtium
1025 2883 1350 2982 Jureconsultorum
1377 2885 1481 2960 facile
1500 2886 1700 2986 Principem
1716 2891 1777 2964 hic
1799 2914 1914 2987 nuper

715 2985 897 3078 amilimus.
949 2983 999 3058 Et
1031 2983 1098 3058 ‘am
1120 2983 1238 3079 agitur
1266 2981 1311 3058 de
1341 2980 1543 3066 sufficiendo
1576 2989 1726 3072 Alcime,
1751 3008 1913 3084 putoque

713 3107 758 3158 ne
784 3086 895 3168 otium
909 3007 1160 3168 sacredotum,
1173 3102 1252 3153 nam
1264 3076 1338 3177 ipse
1346 3083 1503 3176 captavit
1514 3083 1648 3177 pridem
1662 3085 1911 3173 hunoloeum,

703 3181 754 3256 ·&
809 3178 1094 3270 enerueSenatus
1112 3179 1206 3251 mille
1225 3196 1412 3252 coronatos
1433 3179 1469 3250 in
1487 3175 1637 3274 lingulos
1654 3201 1764 3254 annos
1791 3181 1910 3258 offert.

714 3275 810 3351 Vide
843 3301 886 3350 an
910 3298 989 3356 nou¹
1008 3273 1067 3361 hle
1096 3273 1132 3346 in
1159 3275 1277 3371 pretio
1305 3271 1348 3349 stt
1380 3272 1668 3371 Jurisprudeutia.
1719 3275 1833 3363 Vale,
1869 3301 1919 3356 ac-

714 3372 905 3554 {cruppure
935 3393 1055 3472 rogo,
1094 3391 1135 3454 ut
1162 3371 1321 3458 audacie,
1340 3391 1427 3448 meae
1448 3369 1617 3479 ignoseaa.
1667 3369 1815 3458 Patavii.
1838 3397 1913 3457 vrr.

728 3491 799 3564 ,ΠΒ
887 3487 1073 3574 ²¹¹·1533:

384 3603 386 3610 ’
538 3615 720 3704 ezras
888 3621 1396 3724 EPISTOLA
1452 3624 1712 3725 XLVII:

538 3715 692 3876 lilia
773 3748 1232 3858 uonruncro
1292 3751 1855 3852 nunnuncrrro.

540 3879 604 3940 's⁰·
723 3881 888 3982 Graecas
902 3877 1169 3984 Institutioner
1188 3882 1314 3968 mittit
1327 3884 1923 4090 imprimendnseleganrr'ffme,

562 3973 669 4053 '¹533‘
776 4015 899 4195 ανῑαε
917 4012 963 4080 ur
978 3990 1281 4106 emendatifflme
1297 4019 1454 4110 quoque
1470 4003 1780 4104 exeant,Amtr
1803 3999 1917 4090 achia

775 4139 820 4200 re
852 4107 1002 4236 gennas
1016 4105 1272 4192 commendat.
1309 4105 1385 4202 Dr
1401 4121 1614 4204 cureoore
1631 4134 1775 4200 moure
1803 4113 1916 4208 Pro

761 4217 1127 4422 farionamguam,
1155 4245 1390 4334 omnemque·
1411 4223 1748 4313 rationemaliam
1768 4233 1806 4316 ei
1819 4249 1916 4344 per·

776 4341 912 4425 mittit.
938 4373 941 4378 ·
1021 4363 1043 4422 r
1064 4327 1243 4420 methodo
1251 4338 1378 4447 juris·
1394 4333 1533 4426 obiter„

829 4464 891 4541 Iiit
904 4466 949 4541 ad
966 4491 1022 4544 me
1037 4469 1154 4558 literas
1171 4487 1270 4549 tuas,
1294 4465 1495 4543 Doetimne
1509 4467 1678 4564 Banifrcr'r
1704 4467 1917 4570 Hieronymus

852 4566 1040 4659 Frritrtr'ut,
1064 4564 1212 4674 adquae
1229 4585 1296 4666 ego
1315 4565 1457 4665 pridem·
1472 4564 1757 4668 tibirespondere
1774 4571 1930 4748 ωρὶἕὶᾶ

1874 4692 1893 4746 e
1923 4687 1931 4702 .
