4882 5804
619 619 813 722 uersu.
840 613 1150 718 semera
1174 621 1240 716 an
1269 617 1601 726 orvarsos.
1645 647 1731 747 η,

529 819 667 904 debita,
704 815 839 911 reliqua
863 816 982 892 omnia
1009 815 1045 891 in
1078 811 1157 892 usur
1183 835 1374 916 pauperum
1404 817 1613 914 potilsrmum
1637 823 1729 901 verd

490 979 493 986 .
534 917 576 989 είς
594 914 627 984 ω’
644 915 925 1010 σῂυδαιοῐμφιτω
956 911 1196 1002 distribuerat,
1221 939 1292 1010 quo
1313 939 1357 988 ex
1376 915 1495 990 studiis
1517 922 1730 1014 provenien·

528 1017 577 1092 tia
587 1017 630 1091 ad
645 1010 812 1088 studiosos
825 1012 990 1122 redirent3
1035 1003 1402 1122 Amicis-charioribus
1417 1017 1546 1108 pocula
1561 1018 1723 1112 quaedam

527 1134 633 1223 ’Ψ
650 1101 1725 1284 ²¹¹⁰¹¹¹⁰⁸r“llllllldllll’llllllllllllll

526 1205 1007 1409 ssffibulzoggseatieirgroelligo:
1057 1295 1189 1408 Qperia
1215 1319 1301 1372 vero
1322 1299 1402 1396 post
1425 1227 1724 1413 moriemedendi

527 1402 615 1515 nihil
635 1419 854 1510 compertum
870 1395 944 1508 est,
968 1389 1030 1468 ruli
1057 1392 1271 1508 impersediae
1294 1395 1557 1510 lucubrationes
1582 1419 1618 1470 rn
1641 1403 1723 1515 ρκ’·

526 1493 813 1683 llllalllllt
826 1489 1721 1682 ‘ldlllllafillll¹¹⁰lfisllllllldll

418 1707 428 1726 ·
525 1691 647 1762 maniae
670 1687 797 1763 decora
818 1641 1004 1760 amisimus.
1053 1683 1113 1798 De
1130 1682 1252 1760 salario
1265 1639 1391 1798 judicii
1409 1685 1514 1797 nostri
1532 1687 1627 1854 aflues
1645 1687 1725 1790 Re·-

522 1785 616 1881 giam
632 1782 847 1879 Maiestatem
867 1777 992 1856 frustra
1007 1802 1152 1879 egimus.
1201 1781 1249 1855 lit
1271 1778 1334 1856 nrsr
1350 1777 1463 1876 Regia
1480 1783 1534 1855 M.
1581 1805 1638 1858 urc
1664 1785 1717 1862 rei

524 1882 725 1956 clementius
740 1880 943 1979 provideat,
968 1901 1044 1954 eam
1062 1878 1169 1953 video
1186 1877 1317 1973 Judicie
1342 1901 1384 1952 ac
1409 1875 1631 1974 Collegarum
1649 1879 1719 1955 esse

525 1977 829 2066 deliberationem,
855 1995 897 2051 ut
914 1973 980 2050 ista
1001 1973 1102 2049 nobis
1122 1975 1308 2072 provincia
1322 1972 1508 2058 deserenda
1522 1971 1574 2048 fit.
1625 1975 1719 2050 Cum

524 2092 561 2148 te
576 2092 692 2148 autem
706 2096 801 2169 ego,
825 2072 982 2170 propitio
999 2069 1108 2157 Deo,
1130 2069 1279 2145 fortunae
1295 2091 1381 2144 meae
1404 2069 1585 2145 authorem
1594 2089 1720 2238 patro·

527 2190 680 2262 numque
702 2165 831 2255 ,nactus
861 2164 944 2252 srm,
969 2167 1042 2241 hoc
1076 2183 1112 2240 te
1137 2164 1313 2256 obtestor,
1345 2189 1390 2240 ne
1415 2185 1477 2240 tuo
1507 2185 1563 2241 me
1610 2191 1718 2244 uvore

526 2261 738 2358 consilioque
762 2260 934 2338 destituas.
981 2259 1095 2338 Fuere
1127 2261 1231 2352 mihi,
1265 2263 1396 2338 interea
1426 2266 1509 2338 dum
1544 2263 1603 2338 hic
1626 2288 1717 2362 ago,

525 2362 653 2435 oblatae
680 2358 875 2435 occasiones
895 2357 1084 2456 quaedam,
1114 2353 1227 2433 fihoc
1248 2357 1428 2452 Judicium
1449 2357 1717 2453 dissolveretur,

525 2479 599 2534 non
619 2457 904 2532 contemnendae:
928 2452 999 2529 srve
1015 2455 1052 2528 in
1076 2453 1263 2531 Academia
1285 2457 1400 2553 aliqua
1423 2454 1519 2546 Juris
1540 2455 1718 2553 prosellio·

523 2577 601 2630 nem
627 2549 712 2630 susci
741 2576 819 2640 ere,
843 2549 916 2626 five
935 2549 1094 2648 Principi
1109 2573 1254 2647 operam
1269 2573 1379 2627 meam
1397 2547 1489 2627 forre
1512 2553 1718 2650 impendere

523 2653 661 2726 vellem.
711 2575 783 2730 god
797 2651 984 2745 parentum
998 2671 1184 2745 meumque
1199 2670 1322 2723 votum
1340 2671 1383 2725 eo
1398 2650 1507 2745 magis
1522 2650 1650 2735 tendit',
1674 2671 1730 2726 ut*

525 2749 570 2822 ad
592 2745 791 2821 inferiorem
807 2745 1030 2821 Germaniam
1054 2745 1241 2840 aliquando
1258 2767 1337 2820 cum
1356 2746 1491 2819 honore
1508 2749 1621 2824 redire
1638 2746 1716 2846 pos·

524 2843 597 2916 sim.
645 2841 740 2916 Nam
759 2843 795 2915 in
812 2863 893 2917 eum
908 2844 1011 2916 etiam
1022 2841 1120 2916 usum
1138 2838 1314 2916 Gallicam
1332 2841 1487 2937 linguam
1502 2844 1585 2916 olim
1596 2843 1717 2920 didici·

524 2936 600 3014 Etsi
620 2937 865 3016 Bruxellaeaut
878 2937 1085 3012 Mechliniae
1097 2937 1216 3012 locum
1229 2938 1376 3034 aliquem
1388 2937 1547 3012 obtinere
1562 2933 1713 3036 possem,

524 3059 597 3110 non
617 3033 725 3108 solum
752 3057 831 3112 eum
857 3033 1018 3108 omnibus
1039 3031 1115 3107 aliia
1140 3031 1401 3110 conditionibus
1426 3032 1549 3107 lubens
1571 3033 1717 3132 praeser-

522 3155 616 3220 rem,
640 3129 700 3206 sed
724 3129 853 3206 nullam
872 3131 1013 3225 quidem
1037 3125 1305 3226 splendidiorem
1335 3125 1513 3207 fortunam
1541 3151 1713 3227 optarem.

521 3225 619 3316 Quia
635 3229 740 3323 igitur
755 3249 792 3302 tu
814 3227 946 3324 optime
964 3227 1084 3302 videre
1107 3247 1210 3324 potes
1220 3276 1233 3315 ,
1255 3225 1342 3324 quid
1360 3227 1404 3300 de
1428 3229 1498 3302 hoc
1518 3227 1638 3304 nostro
1652 3227 1714 3324 Ju-

522 3325 617 3398 dicio
634 3321 790 3398 futurum
815 3322 879 3408 lit,
904 3345 1033 3420 tuaque
1055 3325 1312 3398 commendatio
1359 3322 1521 3398 lurimum
1544 3326 1648 3398 etiam
1674 3326 1714 3402 iu

518 3420 582 3494 illo
608 3423 731 3516 juvare
748 3443 804 3495 me
825 3419 959 3516 potest:
985 3417 1129 3493 obsecro
1153 3441 1188 3492 te
1204 3419 1318 3516 utqui
1364 3419 1479 3494 facere
1500 3444 1554 3494 me
1584 3422 1729 3497 debere¹

518 3514 686 3601 censeas,
709 3536 808 3588 tuurn
834 3511 1013 3590 consilium
1039 3514 1186 3590 fideliter
1208 3515 1398 3614 impertias.
1446 3514 1496 3588 Et
1520 3515 1544 3591 li
1568 3515 1711 3592 forsitan

518 3612 810 3781 &lgmriidliigifi
826 3609 1495 3801 gellolaffibrlrlrsihlnsepgngliglilehpueffirgsrz
1507 3613 1710 3783 hcociniuiiiii1

519 3802 612 3877 Ciun
628 3804 714 3875 nihil
738 3802 823 3876 verd
848 3799 889 3874 fit
904 3801 1094 3884 honestius,
1106 3801 1278 3878 clarillrme
1294 3799 1586 3893 Procancellarie,
1605 3805 1712 3898 quim

521 3904 566 3974 de
585 3899 742 3994 plurimis
760 3898 848 3972 bene
863 3900 1008 3984 mereri,
1032 3897 1112 3971 cirnr
1131 3896 1298 3994 idpollrs:
1323 3919 1398 3974 turn
1421 3921 1481 3974 eos
1505 3921 1597 3996 quoe
1605 3901 1713 3977 semel

519 4001 555 4070 in
573 4019 665 4068 tuam
683 3992 871 4090 susceperis
891 3996 1034 4068 tutelam
1059 3995 1095 4068 δι
1126 3994 1335 4080 clientelam,
1359 3997 1489 4093 quique
1508 3997 1552 4070 de
1573 4015 1635 4072 tuo
1650 4020 1714 4095 pa·

520 4093 671 4168 trocinio
688 4093 828 4187 penitus
851 4089 1023 4184 pendent,
1048 4109 1084 4164 te
1107 4088 1291 4177 sustinere,
1314 4095 1426 4166 multo
1442 4093 1622 4190 piissimum
1638 4097 1728 4167 lau··

520 4187 795 4284 datillimumque
814 4187 969 4261 habetur.
1020 4184 1118 4260 Deua
1136 4206 1170 4259 te
1189 4185 1292 4262 nobis
1317 4189 1377 4260 diu
1399 4190 1612 4264 incolumem
1626 4213 1713 4264 con*

516 4284 646 4454 servebr,
679 4283 829 4358 Patrone
847 4281 1141 4380 incomparabilia.
1189 4281 1303 4381 Spirae
1324 4281 1440 4381 pridie
1463 4285 1606 4365 Calend.
1630 4284 1711 4362 No-

519 4403 598 4456 vem
623 4403 650 4453 r.
685 4386 789 4476 1536.
1627 4409 1628 4414 ¹

550 4570 655 4646 mm.
676 4569 735 4645 rr.
1124 4514 1185 4644 rr
1264 4598 1276 4618 ·
1606 4524 1735 4652 uer}
