4882 5804
546 637 738 737 annm
766 629 1074 732 muscum
1100 627 1169 728 m
1197 567 1530 736 emensos.
1564 643 1645 761 153'
1700 732 1707 740 ,

448 837 649 933 Hieronymo
683 832 873 929 intelligo,
907 827 1084 907 nonsatis
1109 827 1297 906 bonafide
1320 831 1437 910 literas
1462 857 1555 912 meas
1582 839 1647 918 tibi

448 935 604 1030 perlatas
627 927 713 1018 eise,
736 931 795 1003 vel
813 925 911 1004 certe
935 925 1042 1004 serius
1060 924 1167 1025 quim
1183 927 1359 1004 volebam
1400 927 1513 1022 Quod
1529 955 1646 1014 autem

444 1050 486 1105 tu
506 1027 550 1102 ad
568 1051 624 1103 me
642 1030 740 1124 prior
756 1023 950 1122 scripseris,
972 1027 1021 1100 ita
1044 1022 1129 1098 mihi
1144 1039 1283 1118 gratum
1295 1022 1387 1113 suit,
1412 1047 1453 1100 ut
1475 1027 1556 1105 sunt
1569 1055 1646 1106 om·

445 1123 506 1200 nia
521 1147 600 1222 quae
616 1122 660 1197 ab
677 1119 811 1214 Erosmo
824 1123 862 1195 in
877 1122 1017 1216 ngiam
1034 1116 1282 1210 conferuntur,
1307 1145 1388 1218 quae
1402 1121 1463 1197 etii
1479 1123 1644 1226 suntplu·

441 1223 530 1296 rima
554 1219 592 1294 δι
615 1221 792 1304 maxima,
827 1240 872 1294 eo
901 1239 1017 1293 tamen
1040 1216 1176 1314 semper
1198 1221 1327 1315 majora
1346 1219 1532 1314 judicavi,
1567 1247 1643 1321 quo

439 1321 551 1392 mitius
575 1315 613 1390 δι
639 1339 705 1414 ego
730 1339 770 1390 ea
795 1335 1030 1410 promereor,
1054 1317 1091 1390 &
1116 1333 1155 1386 tu
1177 1311 1401 1408 spontaneam
1430 1318 1520 1394 hanc
1545 1339 1640 1396 tuam
1712 1363 1714 1370 ι
1786 1395 1789 1406 ,

438 1437 521 1585 esttffi
540 1437 596 1488 me
620 1409 1485 1584 befttletffilentiamh{lorgbugnpuiomdffiihpegeiiciis
1498 1439 1650 1588 augam,
1711 1453 1714 1460 ·

521 1534 607 1585 eres.
768 1531 867 1584 snare
921 1533 936 1580 a
983 1532 1054 1580 nn
1134 1532 1219 1582 nno
1370 1532 1408 1582 ra
1478 1532 1549 1585 trus
1602 1539 1637 1589 e-

441 1627 594 1700 ctetum,
619 1533 811 1679 neeidnu'c
826 1601 1014 1690 constitui,
1036 1601 1151 1678 sedeo
1167 1601 1312 1677 oonsilio
1325 1533 1493 1680 Bafiteain
1507 1609 1636 1694 ieram.

438 1724 479 1778 ut
502 1701 658 1777 viderem
682 1703 767 1798 quid
791 1701 836 1775 de
867 1699 1144 1774 institutionibus
1175 1700 1300 1796 graecis
1324 1703 1408 1774 meis
1432 1699 1559 1776 fafiium
1584 1705 1636 1782 es·

435 1799 509 1886 set,
535 1819 640 1896 atque
654 1817 694 1872 ut
715 1801 860 1872 alterum
876 1799 1053 1894 exemplar
1078 1795 1153 1889 (1)
1178 1782 1258 1870 cum
1272 1796 1392 1891 priore
1416 1797 1634 1888 conferrem,

437 1898 473 1970 iti
492 1897 589 1992 quod
611 1897 769 1992 pauculis
791 1893 915 1968 diebus
935 1889 1177 1968 constiturum
1204 1917 1260 1966 me
1286 1891 1494 1983 arbitrabar,
1521 1899 1636 1975 veluti

436 1993 502 2066 tihi
521 1993 606 2066 dixiss
663 1991 859 2065 Attuieram
887 2011 1005 2063 tamen
1032 2010 1169 2064 mecum
1196 1989 1446 2064 commentaria
1469 1994 1632 2090 quaedam

433 2111 512 2162 urea
532 2109 576 2160 ex
589 2087 691 2161 Italia
707 2090 743 2160 in
762 2086 822 2180 Jus
838 2083 994 2160 nostrum
1013 2085 1151 2171 Civile,
1176 2087 1293 2180 neque
1308 2108 1403 2160 eram
1435 2089 1567 2162 asienus
1586 2091 1631 2164 ab

431 2207 476 2258 ea
497 2185 699 2270 voluntate,
721 2202 763 2255 ut
780 2179 1011 2279 imprimenda
1027 2182 1141 2274 aliqua
1159 2179 1298 2266 darem,
1324 2177 1470 2256 sednon
1488 2185 1634 2261 arbitra·

324 2361 328 2370 ¹
432 2281 499 2358 har
513 2279 690 2353 Frobsnium
711 2301 759 2352 ea·
773 2279 834 2352 sua
857 2275 995 2352 officina
1013 2275 1243 2372 dignaturum.
1294 2273 1405 2350 Porro
1428 2279 1488 2354 ubi
1510 2304 1633 2358 eorum

434 2373 573 2474 gustum
589 2375 671 2450 dedi
683 2375 888 2448 Amtrbacbio
895 2424 909 2461 ,
933 2374 962 2446 is
981 2373 1030 2446 ita
1044 2375 1192 2447 Frobent'o
1218 2371 1495 2460 commendavit,
1519 2379 1632 2455 utillo

431 2477 529 2550 ultro
544 2468 745 2568 postularet.
770 2469 894 2565 anue
918 2467 987 2544 suit
1009 2470 1095 2544 mihi
1119 2473 1357 2547 commorandi
1371 2469 1530 2560 occafio,
1555 2478 1631 2571 quo

429 2570 671 2652 emendatius,
696 2589 803 2663 atque
834 2589 878 2641 ex
901 2567 1008 2640 animi
1033 2567 1102 2638 mei
1132 2565 1300 2642 sententia
1332 2589 1421 2663 opus
1454 2567 1631 2650 ederetur.

424 2665 670 2762 ,Proximisque
692 2665 802 2738 literis
825 2663 863 2736 id
894 2664 957 2738 tibi
972 2661 1181 2756 figniiicevi,
1210 2666 1414 2760 veniamque
1434 2663 1478 2741 de
1496 2669 1631 2746 tardius

429 2763 558 2853 ematis
578 2763 689 2836 literis
715 2761 784 2834 tais
811 2780 975 2855 precatus
998 2757 1101 2844 sum,
1126 2779 1232 2854 atque
1252 2763 1355 2834 etiam
1386 2781 1425 2834 ut
1448 2765 1631 2844 condones

427 2882 565 2957 precor.
611 2857 655 2930 Si
682 2857 834 2931 volueris
857 2879 914 2928 eas
939 2855 1004 2930 tibi
1029 2857 1180 2944 remitti,
1205 2860 1265 2930 vel
1289 2853 1424 2952 siquid
1445 2860 1539 2934 aliud
1565 2885 1631 2938 vo·

426 2959 558 3038 luerit,
581 2952 730 3040 seribere
746 2955 806 3027 vel
817 2953 901 3024 mihi
910 2952 1094 3038 mandare,
1119 2953 1249 3026 mittam
1269 2972 1347 3027 ante
1366 2954 1496 3028 abitum
1510 2977 1628 3034 meran

455 3054 615 3150 'roptium
626 3051 674 3126 ad
698 3049 922 3124 enuntiem.
972 3047 1032 3124 De
1050 3049 1284 3145 Dogmatibus
1300 3049 1405 3144 hujus
1428 3047 1538 3126 Urbis
1560 3055 1628 3130 ob·

427 3076 552 3246 icquar
568 3165 631 3220 tuo
648 3143 815 3233 consilio,
838 3157 1028 3242 atquepto
1046 3169 1091 3219 eo
1112 3145 1176 3218 tibi
1197 3147 1324 3239 gratias
1338 3168 1416 3242 ago.
1466 3145 1549 3244 Ego
1563 3175 1626 3227 ve·

427 3270 470 3320 ro
486 3244 533 3320 fic
553 3241 687 3336 semper
701 3267 784 3338 erga
798 3243 1002 3338 religionem
1016 3239 1069 3316 fui
1083 3237 1247 3326 afflant,
1272 3265 1312 3316 ut
1329 3243 1626 3338 quemadmodum

426 3341 566 3414 tritrime
590 3337 690 3413 eiiem
708 3336 976 3434 superstitiosus,
989 3338 1160 3436 itaneque
1180 3341 1282 3414 novis
1298 3341 1523 3434 opinionibus
1535 3345 1622 3442 dog·

427 3437 595 3536 marisque
615 3433 725 3512 facile
748 3437 936 3511 crederem.
983 3435 1027 3509 In
1050 3459 1119 3534 quo
1135 3457 1207 3508 non
1223 3437 1472 3511 authoritatem
1487 3439 1624 3514 tannim

455 3567 458 3576 ·
1523 3555 1621 3610 mam

910 3690 1107 3774 Utrumque
1125 3691 1299 3777 hodieque
1312 3691 1424 3761 exstat
1442 3689 1479 3758 in
1500 3647 1622 3762 Colle·

463 3685 532 3778 ’(1)
552 3691 694 3759 Alteram
714 3691 917 3843 esentpsorb

423 3775 481 3862 gio
502 3777 547 3864 Vi
572 3777 663 3842 liano
685 3773 842 3843 Lovanii.
919 3794 1003 3842 uum
1018 3773 1167 3924 Joraesert
1195 3776 1289 3844 hunc
1313 3777 1473 3843 titulum:
1496 3775 1622 3860 insistu-

601 3858 770 4020 ittet
787 3881 823 4009 t
837 3857 1228 4028 ‘int
1246 3859 1563 4026 initiatas
1588 3881 1623 3996 t

421 4025 469 4091 dia
493 4015 591 4112 thgtn
610 4027 761 4094 Zoithemt'
783 4025 925 4112 Phrysti,
947 4045 1077 4112 quorum
1106 4029 1267 4094 utilitatem
1288 4025 1402 4092 abunde
1425 4027 1549 4110 ejudem
1569 4027 1620 4095 de·

419 4112 519 4180 clarat
537 4109 685 4199 prefatio
705 4109 749 4179 od
768 4109 801 4182 Ο
821 4128 844 4178 t.
863 4111 961 4178 Mox.
983 4110 1061 4207 imp.
1084 4107 1229 4177 carorum
1252 4117 1401 4208 quintum.
1481 4113 1550 4180 uod
1571 4111 1620 4181 est

418 4209 604 4280 waoceptum
632 4214 653 4263 a
676 4193 766 4292 Petro
791 4129 897 4262 ianm
918 4191 939 4262 e
965 4193 1177 4262 bibliotheca
1204 4193 1396 4262 Cardrnalrs
1416 4193 1459 4259 Be
1490 4201 1619 4292 ‘nonin

416 4293 496 4430 ii?
514 4277 1181 4451 iiii-piisiitiiiieioniiiiiin,
1199 4275 1463 4430 attiuhi:
1489 4297 1621 4432 iniis

420 4463 533 4596 αῗᾳοΖι
536 4465 611 4594 503113.
629 4465 685 4599 aa}³
685 4454 790 4617 mre
807 4447 976 4538 examplari
995 4447 1052 4535 Jo.
1071 4443 1216 4532 Baptista
1236 4443 1379 4532 AEgnott's'
1399 4443 1443 4515 od
1454 4445 1541 4534 usum
1557 4445 1619 4520 Vs·-

417 4539 641 4690 ⁸3r¹⁹⁶ii⁵
768 4539 786 4602 ³
997 4555 1073 4687 'v
1131 4551 1136 4561 ’
1621 4543 1629 4556 ’
