4882 5804
664 597 1817 738 „evrourrrrarruazurcaum

666 837 698 877 a,
720 793 1051 873 ¹commendationes
1063 791 1177 870 iturus
1188 794 1224 868 in
1233 789 1887 894 Angiiamzcommeudavipuucia,sed

669 927 704 976 ·„
729 893 874 969 invitus.
899 888 1099 978 Admonui,
1123 889 1207 966 utst
1245 893 1306 966 uid
1325 887 1470 968 affalius
1488 915 1571 988 erga
1580 891 1695 968 Sellas
1709 890 1745 966 in
1756 894 1886 991 Anglia

673 1032 706 1071 ·‚‚
732 988 961 1066 dillrmularet.
1010 987 1094 1064 Hoc
1111 988 1169 1063 ille
1195 914 1284 1064 adeo
1302 1010 1373 1064 non
1391 985 1480 1065 lecit
1503 989 1552 1064 ibi
1577 1012 1741 1078 manens,
1765 1011 1806 1064 ut
1821 1011 1886 1065 au·

681 1130 706 1170 ‚‚
720 1083 786 1162 *fias
810 1085 851 1160 fit
869 1089 975 1161 etiam
983 1086 1108 1160 multis
1124 1085 1277 1184 epistolia
1295 1107 1339 1161 eo
1355 1086 1455 1162 milis
1471 1086 1561 1161 tueri
1578 1083 1802 1183 Zwlngliuno:
1819 1105 1885 1160 nec

674 1221 706 1268 a,
731 1185 863 1260 veritat
882 1182 933 1260 est
950 1185 995 1258 de
1011 1183 1066 1256 hia
1080 1184 1124 1256 ad
1141 1185 1273 1258 Morum
1290 1183 1417 1260 crebro
1432 1179 1594 1258 scribere.
1627 1180 1809 1260 Postremo
1827 1183 1888 1258 do

679 1316 708 1362 a
732 1300 893 1356 creverat
913 1279 1075 1354 Platonem
1102 1278 1146 1353 ab
1169 1280 1246 1378 ipso
1277 1281 1395 1356 multia
1423 1280 1511 1356 locis
1535 1280 1765 1380 depravatum
1790 1282 1885 1355 Mora

684 1422 710 1458 υ
735 1377 880 1464 dicare,
916 1377 954 1452 &
983 1374 1117 1452 lecill'et
1142 1378 1180 1450 ni
1205 1373 1432 1453 diliuassllem.
1479 1374 1568 1466 Quo
1602 1375 1743 1452 nomine
1771 1377 1886 1450 Morus

683 1520 710 1556 ‚‚
735 1477 823 1549 mihi
841 1495 983 1570 magnas
1007 1475 1081 1570 agit
1097 1475 1235 1568 gratias.
1286 1474 1355 1550 Sed
1381 1497 1438 1552 me
1462 1473 1571 1550 inscio
1588 1475 1751 1548 Euclidem
1770 1471 1891 1548 inseri*

686 1616 710 1655 ''
735 1569 1142 1765 lllrlldllultd
1161 1591 1294 1761 ‘llll
1302 1569 1385 1742 ld
1402 1568 1891 1764 luditilllldl

684 1713 710 1749 v
1138 1719 1150 1755 φ
1701 1719 1710 1740 ι

685 1809 711 1845 2»
735 1763 899 1839 admonui
911 1764 1078 1859 Gryuoum
1091 1761 1311 1838 describeret
1327 1763 1539 1838 familiariter
1553 1765 1600 1838 ad
1617 1785 1701 1851 eoa,
1743 1765 1780 1837 ui
1790 1787 1892 1860 pror-

686 1904 710 1943 ‚,
735 1860 790 1935 lus
814 1859 1007 1934 adhorrent
1027 1882 1048 1930 a
1067 1859 1289 1955 dogmatibus
1318 1883 1399 1958 quae
1422 1859 1496 1958 ipse
1514 1881 1643 1937 tuetur.
1735 1883 1804 1936 unc
1820 1861 1891 1935 hoc

686 2001 712 2038 η
737 1959 826 2054 agit,
851 1975 891 2029 ut
919 1956 963 2031 ab
991 1954 1269 2054 Archiepiscopo
1294 1954 1513 2052 Cantaurianfi
1542 1959 1709 2053 impetret
1741 1979 1892 2030 annuam

683 2051 946 2152 „perdonent
984 2051 1035 2125 Et
1076 2056 1147 2128 uod
1165 2055 1213 2128 est
1230 2053 1388 2145 suavius,
1412 2056 1550 2130 cuidam
1568 2053 1724 2150 epistolae
1745 2051 1817 2128 suae
1833 2053 1893 2128 ad·
1973 2124 1974 2130 ι

685 2157 867 2248 „jecerat
893 2152 970 2223 haec
997 2077 1134 2234 veria,
1171 2151 1267 2226 Ralla
1289 2149 1432 2246 feroit,
1454 2147 1489 2245 fi
1519 2166 1555 2224 tu
1573 2155 1647 2246 jam
1668 2151 1762 2246 plara
1784 2151 1893 2224 hirudo

686 2291 715 2328 0,
740 2250 815 2322 midi
837 2245 989 2342 famelico
1011 2243 1134 2342 ceffmt
1160 2243 1332 2341 profituerit
1368 2247 1630 2339 cantuariensem.
1686 2245 1811 2341 Quum
1838 2269 1894 2320 me

689 2388 714 2424 ,ι
738 2364 844 2420 vocat
858 2343 1075 2428 hirudinem,
1099 2365 1143 2418 ex
1156 2341 1217 2418 luo
1231 2365 1287 2418 me
1304 2343 1449 2418 aestimat
1469 2345 1634 2440 ingenio:
1660 2343 1699 2417 aa
1713 2345 1822 2416 homo
1842 2344 1895 2416 di-

683 2484 714 2522 a,
738 2437 848 2516 versae
871 2435 1089 2536 Religionis,
1113 2441 1203 2514 nihil
1219 2463 1383 2534 umquam
1404 2441 1449 2513 de
1472 2463 1528 2514 me
1556 2441 1721 2524 meritus,
1773 2440 1836 2514 etit
1853 2459 1895 2513 ut

684 2581 716 2619 a,
740 2535 806 2706 iffi
827 2539 948 2610 cedam
974 2536 1147 2612 ducentos
1170 2533 1322 2609 florenos
1344 2557 1478 2610 annuus
1498 2586 1510 2622 ,
1534 2535 1631 2630 quod
1657 2537 1719 2610 vix
1744 2461 1896 2610 fruteta

691 2679 718 2717 n
760 2657 852 2710 ratre
869 2633 1026 2730 propitio
1043 2633 1186 2707 auderet
1201 2651 1331 2728 petere.
1364 2629 1463 2706 Hinc
1479 2633 1607 2728 collige
1623 2632 1710 2728 quid
1726 2633 1784 2706 ille
1801 2629 1897 2708 frou·

692 2774 717 2814 ‚‚
742 2735 786 2806 tis
806 2731 951 2818 habeat,
977 2751 1089 2828 quum
1099 2731 1223 2802 miram
1238 2751 1301 2803 ore
1318 2747 1394 2826 prae
1410 2728 1444 2803 le
1461 2727 1549 2803 ferat
1564 2727 1789 2825 probitatem.
1841 2727 1899 2804 De

694 2872 719 2909 ‚‚
744 2831 823 2915 his,
842 2825 927 2901 aliis
947 2850 991 2902 ue
1015 2827 1120 2921 plura
1143 2823 1302 2901 dixillem
1325 2824 1390 2902 tibi
1415 2848 1556 2910 coram,
1580 2822 1605 2898 st
1628 2848 1691 2922 per
1711 2825 1833 2901 theolo
1858 2849 1900 2900 os

691 2970 717 3007 n
744 2926 833 3000 duos
856 2921 899 2998 ‘ac
962 2919 1102 3000 odiorea
1125 2917 1282 2998 licuiliet
1331 2923 1558 2998 Amerbochiut
1572 2919 1779 3018 promiserat
1790 2919 1824 2998 l'e
1834 2850 1901 2998 {ic

694 3067 721 3104 ι,
746 3021 946 3097 adiuturum
963 3022 1055 3094 intra
1073 3041 1128 3111 14.
1152 3021 1251 3104 dies,
1274 3019 1475 3114 praeteriere
1501 3039 1558 3113 30.
1587 3019 1707 3116 Cupio
1721 3017 1830 3108 scire,
1854 3041 1901 3094 au

696 3164 721 3202 v
738 3115 917 3214 ,aliquolit
931 3113 1130 3212 profedius,
1154 3139 1344 3213 amparem
1367 3118 1492 3191 valeat
1516 3117 1679 3208 Gilirrtus
1702 3137 1801 3192 meua
1827 3138 1901 3190 uon

695 3261 723 3297 η
749 3217 864 3292 redit:
894 3211 1051 3384 susssicor
1075 3237 1252 3383 nuffonem
1276 3209 1419 3287 Balileae
1452 3211 1596 3309 aliquod
1621 3213 1697 3286 dies
1728 3235 1810 3288 cum
1832 3209 1902 3288 suia

695 3357 721 3395 ι,
747 3313 954 3409 congerroni
979 3331 1121 3406 utputa
1149 3337 1179 3387 e.
1202 3310 1313 3408 Spero
1329 3311 1425 3406 quod
1442 3309 1667 3402 Horatiorum
1684 3305 1786 3385 isthic
1799 3333 1902 3408 repe·

692 3454 721 3492 a
747 3411 851 3582 algis,
876 3405 1485 3598 qssi·²⁰p²{²‘1¹¹⁸{t32s⁶i¹⁶mpi⁰‘
1536 3405 1638 3486 Vale.
1663 3403 1841 3506 Friburgo
1866 3413 1901 3488 8·
1962 3447 1965 3453 ·

693 3551 723 3588 a>
790 3527 893 3584 Ovem
922 3527 968 3579 tls
994 3527 1062 3580 ann
1138 3526 1220 3599 53·

891 3659 1403 3759 ’EPISTOLA
1458 3659 1714 3755 XLIX.‘

781 3838 1133 3936 ERASMO
1190 3835 1814 3934 ROTERODAMO.

695 4015 905 4136 Rescribil
928 4017 984 4105 ad
1000 4013 1258 4136 superiorem
1293 4013 1462 4156 {irasmi
1488 4016 1712 4220 ffldam’
1741 4013 1904 4133 ejusque

758 4128 1845 4366 alllilllllllsllllllflld,lillllill

532 4454 540 4470 ·
699 4421 955 4600 PRiulquam
967 4441 1043 4499 tuas
1055 4423 1171 4539 literas
1188 4421 1402 4538 acciperem,
1418 4418 1633 4535 paucietilai
1650 4419 1736 4520 quid
1752 4415 1813 4496 hle
1824 4439 1906 4534 agee

786 4545 863 4604 aem
875 4541 1025 4622 quaeque
1042 4525 1128 4604 mthr
1146 4517 1749 4618 moraudtcausaeliet,tud1caram.
1773 4515 1908 4694 sledda:
