4612 5850
742 491 842 612 ‚3744
869 488 1103 590 VIGLII
1122 513 1189 582 Au
1209 483 1470 583 AYTTA
1496 482 1871 588 ZUICHEMI

742 689 899 784 quamn
918 685 1135 777 Hostrtonur,
1160 683 1177 776 (
1187 682 1233 778 t)
1267 681 1368 755 ambo
1400 677 1502 754 sacrae
1531 680 1744 779 Theologiae
1762 687 1934 763 Professo-

748 806 824 858 πε.
850 779 1013 870 Quorum
1029 784 1086 852 iile
1103 777 1229 852 resedit
1243 778 1370 850 multos
1391 773 1521 848 menses
1536 778 1573 850 in
1596 778 1761 855 Concilio
1780 783 1932 858 Triden-

747 877 851 963 tino,
878 875 990 948 missus
1007 876 1050 947 ed
1092 898 1129 948 er
1144 872 1358 968 Episcopum
1376 868 1634 946 Tornacensem
1645 899 1653 946 :
1665 877 1796 950 alterio
1814 877 1932 953 Theo-

745 971 851 1064 :lugia
868 973 904 1044 δι
918 972 1045 1136 linffuis
1065 897 1089 1039 s

1079 970 1210 1042 eliciter
1230 969 1401 1039 institutus
1427 964 1577 1038 Louanii
1605 970 1664 1040 diu
1681 968 1808 1045 sacram
1832 971 1932 1068 Pagi·

748 1088 836 1138 mam
858 1065 959 1160 profe
987 1088 1027 1136 us
1044 1062 1103 1134 est.
1129 1060 1285 1154 Quidam
1310 1059 1362 1129 iris
1382 1059 1546 1154 adjiciunt
1575 1061 1789 1136 Hermannum
1811 1088 1832 1136 a
1851 1067 1932 1139 Gru-

612 1191 617 1197 ·
754 1150 1932 1253 do(3)DecanumS.Mariae‘srajedieufiszsedaJunteumplussatiu

755 1251 824 1328 esse
845 1252 1074 1325 cerebrosum.
1109 1248 1219 1337 Quod
1231 1268 1346 1322 autem
1355 1249 1506 1342 pertinet
1520 1253 1561 1321 ad
1574 1252 1737 1344 personas
1745 1255 1789 1325 ad
1801 1254 1930 1328 Conci·

753 1349 840 1419 lium
853 1345 1066 1420 destinandas
1077 1396 1089 1432 ‚
1102 1347 1255 1438 primum
1269 1347 1385 1440 locum
1401 1344 1437 1414 in
1462 1345 1517 1417 bis
1537 1363 1654 1418 tenent
1666 1343 1851 1442 Episcopi,
1867 1351 1929 1444 qui

754 1460 826 1514 tam
849 1441 931 1527 suo,
957 1441 1060 1536 quim
1082 1438 1259 1512 Pastorum
1277 1441 1326 1511 eis
1350 1434 1562 1512 subditorum
1589 1445 1758 1526 nomine,
1789 1442 1853 1538 ipsi
1882 1445 1928 1517 ad

755 1535 952 1610 Concilium
980 1539 1031 1609 ire
1055 1555 1223 1608 tenentur.
1273 1530 1351 1621 Qui
1374 1533 1459 1605 mihi
1479 1539 1642 1608 monendi
1664 1555 1768 1632 atque
1788 1537 1927 1611 hortan-

755 1631 828 1704 dia
850 1630 1006 1730 Caesarep
1027 1629 1208 1725 Majestate
1226 1628 1389 1724 videntur
1400 1677 1413 1714 ,
1437 1649 1478 1702 ut
1495 1629 1626 1702 dimisit
1646 1629 1832 1705 Nobilium
1855 1653 1924 1705 tur·

752 1725 817 1812 ba;
842 1725 1007 1800 assumant
1027 1723 1142 1799 secum
1163 1744 1195 1817 3.
1221 1745 1281 1796 rut
1298 1745 1333 1814 4.
1349 1720 1445 1795 viros
1471 1725 1507 1795 iu
1533 1725 1726 1820 Theologia
1747 1725 1785 1799 dr
1810 1725 1926 1805 Cano·

750 1821 853 1895 nibus
870 1820 997 1894 eximit}
1016 1821 1146 1894 duston.
1198 1818 1356 1892 Secundo
1371 1819 1453 1892 loco
1469 1818 1643 1891 videretur
1670 1820 1756 1892 mihi
1773 1823 1926 1917 cumpri-

751 1915 816 1987 mis
838 1917 1064 2003 convenire,
1095 1934 1136 1987 ut
1168 1912 1443 2080 Caesarpubcret
1473 1935 1516 1984 er
1544 1910 1777 1988 Universstate
1809 1915 1924 1990 Loua-

751 2009 860 2083 nieusr
885 2012 976 2084 mitti
997 2031 1141 2105 quoque
1173 2012 1259 2081 duos
1321 2009 1491 2102 heologos
1520 2031 1601 2081 cum
1627 2031 1699 2082 uno
1723 2007 1923 2087 Canonistu.

751 2101 848 2179 Inter
873 2128 961 2200 quos
987 2103 1068 2179 eiiet
1095 2106 1247 2179 Ruurdus
1277 2099 1328 2195 (4
1387 2101 1619 2176 Cancellarius
1651 2102 1923 2190 Universttatis.

750 2200 813 2293 qui
830 2202 867 2272 in
888 2200 1073 2296 scripturis
1087 2199 1223 2284 Sacris,
1248 2194 1528 2292 Dobioribusque
1553 2201 1726 2272 veteribus
1749 2200 1786 2274 dt
1802 2201 1924 2287 novis,

750 2296 915 2388 omnique
934 2297 1075 2369 materia
1090 2293 1194 2376 fidei,
1218 2295 1288 2365 hoc
1308 2291 1427 2365 nostro
1441 2290 1570 2366 saeculo
1585 2293 1826 2380 controversa,
1847 2317 1922 2390 prae

749 2393 885 2462 cureris
902 2389 1052 2464 versatus
1067 2387 1128 2464 est.
1176 2387 1369 2461 Difficultas
1391 2403 1507 2459 autem
1522 2389 1585 2462 erit
1610 2391 1647 2460 in
1672 2387 1924 2462 subministran-

750 2483 804 2555 dis
818 2483 1029 2577 sumptibus,
1053 2506 1161 2577 quum
1182 2483 1385 2558 Academiae
1403 2485 1557 2558 aerarium
1577 2481 1669 2556 ferre
1683 2507 1743 2557 eos
1762 2502 1922 2576 nequeat.

748 2574 880 2650 Verium
896 2576 1007 2671 posset
1029 2577 1142 2650 Caesar
1156 2580 1331 2670 requirere
1354 2575 1509 2650 Abbates
1532 2579 1569 2652 dr
1585 2577 1751 2654 Praelatos
1773 2578 1924 2652 Brabau·

748 2669 826 2760 tiu,
851 2672 961 2766 quoii
986 2692 1054 2765 pro
1075 2675 1129 2746 his
1150 2692 1220 2744 tam
1243 2673 1364 2745 fundis
1387 2694 1429 2746 ac
1453 2671 1644 2752 necessariis
1665 2675 1848 2768 impendiis
1865 2675 1924 2746 ali·

748 2766 834 2861 quid
852 2767 1120 2840 contribuerent.
1153 2766 1279 2840 Tertio
1294 2769 1375 2842 loco
1394 2788 1581 2839 occurrunt
1600 2758 1753 2864 Abbates
1771 2791 1811 2843 ac
1827 2767 1923 2842 Prio-

748 2883 803 2934 res
827 2859 1117 2936 Monosieriorum
1139 2885 1208 2936 non
1235 2861 1523 2936 Mendicantium.
1573 2861 1743 2936 Constant
1768 2865 1923 2938 autemii

748 2951 828 3030 ferd
844 2979 888 3029 ex
911 2979 946 3045 4.
973 2957 1183 3040 Ordinibus,
1210 2958 1246 3029 S.
1275 2957 1452 3042 Emoddi,
1479 2958 1514 3029 S.
1542 2959 1698 3030 Bernurdi
1709 3007 1721 3043 ,
1745 2957 1918 3030 Praemon-

748 3049 958 3137 strantenfis,
983 3053 1019 3126 dt
1036 3055 1069 3126 S.
1100 3051 1280 3146 Augustini.
1330 3054 1383 3124 Ac
1407 3048 1485 3123 etim
1512 3046 1570 3124 bic
1594 3049 1789 3144 postremus
1816 3073 1918 3129 caete·

747 3145 796 3222 ris
819 3144 860 3220 iit
875 3147 1033 3233 tenuior,
1057 3145 1191 3241 possent
1207 3146 1241 3221 ei
1262 3144 1362 3243 adjici
1387 3143 1662 3242 Curtbufienses,
1688 3146 1797 3316 Vaiiils
1813 3147 1922 3258 Scho

754 3295 760 3306 -
1792 3265 1920 3334 arrum,

745 3421 757 3443 ‘'
787 3415 850 3503 (2)
872 3415 1005 3499 Joonnes
1024 3403 1224 3504 Hofletonus]
1255 3417 1322 3485 sive
1352 3419 1489 3504 Juonnrs
1510 3403 1659 3484 [socordi
1687 3434 1922 3504 cognomento

749 3497 821 3594 Van
847 3498 904 3596 der·
920 3499 1058 3585 Syrien,
1086 3501 1283 3598 iipselenfis
1310 3503 1454 3614 Eburo,
1481 3500 1635 3651 Hamus
1663 3502 1782 3603 didius.
1824 3502 1924 3569 Obiit

746 3583 906 3679 'Pudenti
920 3602 952 3664 5.
978 3585 1239 3672 Januaru1552.
1256 3581 1299 3652 V.
1320 3585 1401 3669 Fosi.
1413 3583 1518 3687 ‚picoti
1612 3604 1667 3655 on.
1685 3584 1764 3652 iiiii.
1783 3583 1869 3669 uetg.
1888 3584 1922 3654 u

744 3663 1087 3844 qirssmsurmanmm
1103 3747 1260 3834 oGoudo]
1283 3747 1328 3815 de
1351 3768 1420 3833 quo
1432 3749 1504 3815 dixi
1521 3750 1614 3817 inter
1629 3749 1779 3850 decanos
1799 3747 1836 3816 B.
1849 3747 1924 3815 Mr-

746 3845 820 3926 r1ae5
860 3829 951 3898 Vide
968 3831 1070 3898 Coros.
1088 3851 1184 3896 meum
1197 3831 1393 3918 praepthor,
1418 3831 1452 3901 u
1470 3831 1605 3900 decorior.
1627 3851 1729 3918 quinq.
1752 3830 1847 3918 eccles.
1866 3829 1925 3900 ut·

747 3913 1038 4144 ''wisuordusd
1057 3995 1158 4094 Tapp
1183 4013 1256 4094 fus,
1272 3995 1493 4090 iiuchusanus
1510 3995 1676 4071 Batavus,
1689 3997 1723 4062 S.
1737 3997 1782 4064 T.
1795 3993 1926 4063 Dodor

744 4073 1327 4254 dissidiisdissidiis
1342 4077 1732 4245 submisisti
1752 4079 1930 4244 sisui.

744 4239 803 4312 stt,
826 4255 965 4307 remitto
986 4243 1028 4308 ud
1037 4241 1117 4327 sust.
1132 4241 1401 4320 AnodMiraeum,
1423 4241 1564 4311 Bibliotb.
1586 4242 1671 4327 Belg.
1689 4243 1930 4326 misrrumum

741 4321 787 4388 od
803 4341 1015 4418 un.1559.n.
1034 4344 1087 4412 35.
1107 4324 1208 4398 Obiit
1222 4343 1256 4395 u.
1274 4324 1391 4422 Murtii
1411 4341 1506 4410 1559.
1524 4339 1616 4397 aetut.
1630 4345 1685 4414 71.
