4680 5828
649 631 709 728 54
762 511 1003 706 vtum!
1025 620 1100 688 nn
1125 591 1387 692 AYTTA
1415 593 1797 696 zulctiumr
1828 725 1835 736 ι

481 825 607 930 axio·
893 816 1407 921 aitstoan
1465 821 1649 924 XXL

481 965 531 1007 mo
561 938 606 1000 ΙΙ.

482 1023 609 1097 fec·
774 1041 1149 1154 tuorna
1206 1043 1747 1168 uncturum·

505 1325 609 1406 1532.
666 1287 748 1405 Qui
778 1285 828 1374 de
856 1281 1021 1420 AEcietc
1043 1279 1183 1397 sparfi
1221 1302 1419 1418 recimere
1472 1278 1651 1412 Nare-or
1683 1279 1865 1510 prtum

554 1464 559 1478 ·
720 1422 814 1492 rum
847 1395 1145 1488 Patauinorum
1175 1391 1454 1484 altercatum
1515 1393 1599 1512 ipse
1626 1397 1683 1513 oti
1707 1395 1760 1485 In
1798 1407 1805 1422 ’
1851 1449 1865 1464 -

722 1521 877 1650 tionum
901 1501 1661 1735 prpfffonemfrzppzptrffllissp
1674 1513 1868 1717 quggpp

721 1621 1263 1856 ''cliii'nllilm‘wm
1398 1817 1402 1824 ,
1548 1689 1559 1713 ·
1712 1692 1715 1700 ·

670 1967 816 2143 Binae
825 1965 886 2040 abs
897 1981 933 2040 te
945 1963 1059 2038 literae
1072 1962 1163 2038 mihi
1176 1959 1322 2040 retllitae
1333 1957 1633 2051 luat,Ciariiiime
1644 1961 1870 2063 preceptor,
2012 2009 2015 2018 ·

666 2117 669 2124 Δ
768 2065 892 2139 eodem
907 2058 1002 2158 pene
1019 2079 1200 2156 tempore,
1223 2057 1286 2133 nili
1304 2061 1473 2156 quodem
1484 2081 1575 2157 quae
1601 2061 1700 2156 prino
1727 2061 1872 2160 scripse·

670 2185 731 2238 ras
791 2159 909 2232 sterius
923 2156 1132 2252 acceperim.
1184 2155 1317 2229 Earum
1329 2156 1422 2232 veri
1443 2177 1507 2230 noe
1521 2155 1654 2231 summo
1670 2159 1873 2235 tenebamur

678 2260 722 2334 de
737 2258 871 2344 rderio,
897 2275 1097 2422 puanquam
1115 2251 1226 2349 ipsum
1242 2253 1416 2326 revidere
1435 2254 1546 2349 magis
1564 2255 1777 2351 optabamus
1786 2305 1799 2342 ,
1823 2275 1873 2330 at·

678 2379 750 2448 que
775 2354 878 2426 etiam
914 2348 1120 2444 petebamus
1138 2352 1192 2424 uti
1215 2350 1269 2420 tui
1287 2347 1565 2444 expectationem
1581 2348 1675 2444 pene
1694 2351 1874 2447 publicam

678 2449 899 2533 feceramus,
919 2443 1054 2541 ubique
1066 2463 1132 2518 tua
1148 2441 1242 2519 fama
1254 2445 1420 2528 excitata,
1438 2461 1478 2516 ut
1491 2442 1529 2514 ἂ
1542 2447 1692 2538 parietes
1709 2447 1747 2520 δι
1784 2446 1874 2541 ulpi-

682 2567 720 2620 ta
743 2545 949 2620 Scholatum
966 2558 1043 2615 tuan
1068 2540 1188 2638 laudes
1213 2541 1461 2634 loquerentur,
1485 2557 1522 2612 te
1540 2537 1660 2615 vivere
1687 2467 1876 2632 &liorem

684 2641 777 2740 (scis
796 2641 888 2716 ’e'nim
898 2628 1057 2712 italicam
1073 2633 1378 2730 consuetudinem)
1403 2631 1687 2732 protestarentur.
1739 2633 1878 2712 Interea

684 2763 774 2815 vero
787 2736 877 2812 varii
892 2733 937 2808 de
955 2753 990 2832 te
1012 2734 1056 2810 ab
1074 2734 1208 2806 aemulis
1233 2727 1338 2842 spatii
1352 2753 1533 2819 rumores,
1558 2733 1634 2807 aliis
1654 2728 1877 2808 afferentibus

686 2837 789 2911 novis
807 2854 841 2907 te
862 2821 1035 2904 in“Gallia
1062 2827 1323 2902 conditionibus
1344 2821 1538 2912 astricum,
1563 2831 1637 2903 aliis
1660 2824 1775 2903 Ducis
1797 2829 1879 2904 Me·

687 2926 892 3024 diolanenfic
921 2927 1086 2999 mandate
1110 2921 1393 3020 proferentibus,
1425 2925 1551 3021 quibus
1582 2945 1619 3000 te
1639 2928 1685 3000 ad
1711 2925 1880 3021 Papiense

680 3029 727 3103 ‘G
754 3023 917 3100 mnafium
931 3022 1177 3095 restituendum
1188 3017 1389 3094 accersitum
1406 3019 1648 3117 ajebant,aliis
1660 3021 1727 3093 alia
1736 3021 1881 3095 commi·

688 3053 909 3204 uticentibus.
961 3116 1054 3213 Quae
1072 3115 1134 3193 etli
1153 3119 1255 3195 nobis
1272 3117 1416 3192 molesta
1432 3134 1551 3203 erant,
1575 3139 1619 3191 eo
1637 3136 1753 3192 tamen
1771 3119 1882 3191 nomi-

1841 3237 1885 3291 ne

681 3557 683 3560 .
697 3399 1299 3582 nopplpffiffigleaelgpppgpulfflnm.(
1306 3401 1402 3551 uxtyit
1415 3399 1741 3570 iliiffiouxllirlgcsstltii
1752 3406 1885 3556 ’cintii

582 3639 587 3648 .
704 3595 798 3660 1550.
821 3592 855 3641 n.
878 3571 951 3650 la.)
972 3585 1144 3638 notiorem
1165 3563 1247 3644 effe,
1286 3566 1364 3634 uim
1380 3583 1420 3635 ut
1445 3587 1539 3636 atne
1558 3587 1721 3636 exornati
1740 3571 1887 3648 debeat,

700 3677 761 3728 aut
781 3657 890 3746 pollrt.
929 3655 1100 3722 Videatur
1111 3649 1203 3735 Buyle
1215 3659 1247 3716 iu
1294 3655 1343 3718 iti.
1357 3651 1415 3718 ubi
1435 3653 1578 3738 inopem
1594 3669 1630 3720 te
1647 3655 1749 3738 copia
1765 3653 1888 3729 faciet,

698 3759 740 3811 ut
756 3761 826 3809 non
843 3741 883 3808 sit
898 3735 1030 3805 necelle
1046 3755 1225 3804 recurrere
1242 3736 1285 3802 ad
1298 3752 1490 3820 paucorum
1506 3738 1693 3804 verborum
1706 3737 1890 3824 scriptores

699 3819 1151 3896 nemorumnemorum,
1173 3820 1291 3886 autad
1308 3817 1424 3886 amam
1443 3823 1691 3901 narrationem,
1711 3821 1840 3904 quosli
1877 3857 1893 3873 -

684 3913 762 3990 ¹lius
776 3909 951 3978 confutat.
991 3904 1050 3970 Lis
1075 3902 1189 4000 elide
1213 3917 1315 3970 aetate
1334 3907 1436 3987 quarn
1455 3906 1655 3988 impleverit
1678 3903 1833 3983 Alcimus,

704 3995 750 4062 de
768 4009 857 4060 anno
878 4003 946 4074 quo
969 3987 1035 4053 hac
1063 4002 1136 4053 vita
1159 3985 1339 4054 defunctus
1365 3988 1415 4056 sit.
1464 3985 1596 4054 Mimos
1617 4007 1743 4055 annum
1773 3991 1896 4057 mortis

707 4077 825 4143 statuit
855 4077 949 4158 1548.
974 4070 1110 4154 Joonnes
1136 4069 1306 4157 Itnperialts
1337 4071 1521 4154 1559·A1ss
1553 4072 1668 4138 aliurn.
1707 4069 1762 4136 En
1785 4076 1895 4156 epita-

706 4159 827 4246 phium
845 4175 890 4225 ex
906 4156 1099 4232 Sweertio,
1119 4155 1213 4237 quod
1233 4153 1342 4220 exstat
1359 4153 1476 4220 Ticini
1496 4155 1532 4219 in
1545 4155 1619 4219 ede
1638 4153 1673 4219 S.
1695 4153 1895 4238 Epiphanii:

707 4242 839 4312 Aurea
860 4239 981 4306 Altioto
991 4283 1004 4316 ,
1024 4236 1239 4319 Mediolanenst
1249 4281 1259 4312 ,
1281 4235 1321 4318 J.
1345 4233 1379 4303 C.
1405 4237 1534 4314 Comici,
1555 4237 1766 4301 Protonotou'o
1785 4240 1902 4322 aposlo-

707 4326 782 4403 lico‚
804 4321 995 4408 Cesareoque
1008 4319 1141 4403 senatori
1152 4365 1162 4396 ,
1181 4325 1236 4406 qui
1255 4323 1385 4382 munium
1401 4318 1606 4383 dotleinoucm
1624 4318 1722 4383 orbem
1744 4321 1902 4402 obsolvit,

706 4414 826 4495 primm
845 4409 941 4488 legum
955 4403 1057 4486 fludio
1071 4410 1196 4486 antiquo
1215 4399 1342 4482 restituit
1353 4399 1458 4471 decori.
1502 4401 1597 4471 Vixit
1609 4419 1680 4470 ann.
1703 4421 1794 4477 nvn.
1805 4407 1904 4494 Metu.

635 4501 640 4506 '
702 4509 802 4574 ‚vnn
820 4490 868 4560 D.
889 4505 941 4558 ιν.
964 4485 1048 4560 Obiit
1062 4485 1144 4575 pu'ti.
1163 4484 1211 4556 Id.
1231 4483 1368 4572 Jcmtar.
1388 4483 1476 4552 Auno
1491 4503 1535 4555 nr.
1556 4503 1593 4555 u.
1615 4505 1649 4556 a.
