4882 5804
669 573 676 586 '
739 601 1878 718 anulorumntounzurcuuou

741 829 816 884 tem
830 801 950 880 nostra
966 801 1178 884 ammanus
1189 826 1390 882 communes
1408 804 1486 881 illas
1501 805 1688 904 gratiarum
1707 805 1945 889 aiilonlaiot·

744 903 856 981 mulas
875 923 948 976 noo
970 901 1144 992 admittit,
1168 926 1236 1000 ego
1253 921 1368 978 tamen
1388 921 1461 978 nou
1481 923 1572 1071 {uto
1591 908 1684 1000 grati
1709 907 1861 984 hominia
1876 909 1945 1008 elle

745 1023 767 1076 a
793 1000 964 1085 adeum,
989 1018 1099 1094 aquo
1115 999 1247 1076 bonum
1258 1000 1400 1110 aliquod
1417 1021 1484 1096 pro
1510 996 1667 1088 ciscitur,
1692 1001 1730 1076 id
1748 1000 1859 1098 ipsum
1879 1003 1946 1080 dis·

774 1095 919 1168 mulate.
978 1091 1098 1168 Gestis
1126 1095 1219 1170 forte
1249 1099 1371 1170 audrre
1397 1092 1566 1192 quidnam
1590 1094 1627 1168 id
1656 1093 1726 1182 fit,
1759 1100 1943 1194 expediam

743 1191 880 1361 paucis.
931 1185 1047 1264 Caesar
1068 1213 1181 1290 nuper
1202 1189 1247 1264 ad
1263 1189 1406 1266 fratrem
1424 1189 1655 1264 Fordinondurn
1679 1191 1723 1270 de
1740 1215 1797 1266 me
1818 1197 1863 1268 ad
1876 1194 1943 1268 As-

763 1283 923 1361 ellorium
938 1307 1063 1362 monus
1080 1288 1118 1360 iu
1136 1283 1285 1360 Camera
1307 1285 1485 1382 Imperiali
1504 1291 1769 1380 promovendo,
1793 1285 1872 1363 cbm
1890 1291 1943 1366 lo·

746 1406 810 1457 cus
830 1401 993 1461 vacaret,
1017 1383 1157 1457 nomine
1172 1384 1297 1456 domus
1321 1381 1559 1478 Burgundicae
1584 1380 1728 1478 scripit.
1779 1385 1871 1460 Cum
1897 1409 1941 1462 ue

746 1476 858 1552 literae
874 1499 919 1550 ex
936 1473 1111 1574 Hispania
1134 1479 1314 1566 venirent,
1337 1477 1430 1553 forre
1440 1473 1588 1552 Viennae
1608 1476 1675 1550 fuit
1691 1480 1840 1574 Georgius
1895 1505 1943 1554 rr·

747 1593 901 1658 moruus,
923 1573 981 1644 vir
1003 1573 1072 1662 mei
1094 1575 1147 1646 uti
1160 1571 1225 1647 scis
1240 1571 1501 1660 amantillimus,
1526 1575 1588 1668 qui
1606 1573 1854 1672 diligentiffime
1873 1577 1945 1673 egit

681 1673 689 1694 ⁸
747 1690 788 1744 ot
830 1664 1023 1742 raesentatio
1045 1667 1066 1708 ¹*
1118 1665 1164 1742 fic
1188 1671 1280 1742 enim
1302 1687 1434 1744 vocant
1456 1669 1492 1742 di
1517 1669 1611 1742 loma
1626 1691 1697 1764 quo
1709 1669 1819 1766 judex
1838 1667 1877 1748 ὅι
1894 1669 1945 1746 as-

746 1763 782 1839 se
810 1783 888 1838 ores
903 1783 1035 1836 novum
1054 1761 1087 1834 A
1117 1759 1260 1839 ess'orem
1287 1763 1445 1860 recipere
1462 1691 1648 1858 Jubentur)
1673 1761 1787 1874 Regia
1809 1764 1865 1837 M.
1884 1745 1944 1840 Su·

634 1931 643 1952 ,
746 1858 863 1957 pediti
894 1859 1128 1947 decerneret,
1165 1882 1309 1954 eamque
1334 1857 1532 1956 expeditam
1555 1861 1593 1932 in
1618 1861 1754 1934 mebori
1778 1861 1854 1948 (uti
1875 1883 1942 1936 vor

745 1949 927 2030 Curtlsani
948 1953 1158 2050 loquimini)
1184 1953 1229 2030 ad
1252 1977 1307 2028 me
1334 1951 1436 2028 mifit.
1485 1951 1720 2029 Commodum
1739 1957 1827 2030 uerd
1853 1959 1944 2030 aeci·-

745 2053 802 2126 dit
824 2049 886 2122 sub
908 2050 999 2125 idem
1025 2071 1164 2147 tempus
1214 2073 1262 2126 uo
1290 2049 1513 2146 praeseutatio
1531 2051 1576 2124 ad
1604 2051 1795 2138 mevenit,
1818 2070 1858 2125 ut
1875 2073 1944 2147 ego

743 2148 791 2222 ab
813 2143 890 2226 111ο
933 2144 1080 2220 Praesule
1103 2075 1464 2222 neoblonastenense
1481 2144 1697 2220 vormatiam
1719 2145 1876 2222 mitterer
1899 2147 1944 2222 ad

746 2241 903 2318 Comitia
931 2243 1003 2316 lllic
1033 2239 1196 2316 adversus
1230 2239 1475 2338 Anabapristas
1508 2239 1647 2315 indicta„
1704 2241 1829 2338 Itaque
1862 2242 1945 2316 dum

587 2379 606 2414 ο
746 2337 962 2412 consultatur
987 2336 1268 2434 deliberaturque
1293 2361 1419 2434 magna
1439 2336 1658 2425 maturitate,
1680 2336 1752 2412 hoc
1776 2336 1824 2413 est
1847 2358 1946 2411 more

744 2433 982 2525 Germanico,
1007 2431 1052 2506 de
1069 2429 1257 2530 suppetiis,
1282 2455 1349 2526 ego
1370 2431 1509 2526 Spiram
1524 2432 1599 2518 ivi,
1622 2454 1689 2506 nec
1707 2453 1853 2528 gravate
1866 2433 1941 2507 illic
2035 2453 2040 2462 ·

745 2530 792 2604 ad
816 2554 891 2606 eam
912 2527 1151 2604 conditionem
1176 2523 1453 2613 adulitarum,
1479 2527 1518 2599 δι
1543 2546 1715 2620 praeterea
1736 2527 1943 2622 impetravi,

746 2643 789 2698 ut
800 2627 886 2701 milri
902 2624 948 2700 ad
968 2625 1101 2718 aliquot
1115 2625 1229 2696 adhuc
1245 2617 1482 2696 hebdomadae
1497 2617 1610 2694 abella
1627 2622 1773 2704 liceret,
1798 2618 1878 2694 ciam
1902 2643 1943 2696 ιιι

746 2719 903 2820 Principi
918 2719 1154 2796 renunciarem
1172 2717 1274 2813 hujus
1294 2736 1488 2792 conventus
1503 2715 1661 2801 decreta,
1686 2715 1942 2812 miiliouemque

744 2817 793 2892 ab
811 2843 854 2893 eo
876 2821 1123 2912 impetrarem,
1145 2832 1220 2886 tum
1242 2833 1281 2886 ut
1310 2811 1348 2886 δι
1371 2835 1464 2888 meaa
1484 2833 1537 2884 ret
1565 2833 1824 2908 componerem.
1873 2812 1942 2888 Ita·

743 2937 816 3006 que
836 2915 958 3008 Vrgliut
974 2935 1072 3000 tuus,
1094 2909 1142 2980 ml
1162 2911 1292 3004 Rupili,
1315 2933 1360 2983 ex
1376 2905 1533 2982 Officiali
1553 2903 1666 2980 fotius
1684 2902 1734 2978 est
1750 2904 1944 3004 Imperialle

654 3067 658 3079 .
744 3007 875 3104 Judicli
899 3003 1055 3081 Affeffor.
1112 3001 1203 3080 Haec
1229 3027 1315 3078 vero
1337 3027 1409 3077 oon
1438 3003 1576 3078 aliunde
1600 3001 1687 3075 mihi
1712 3000 1944 3096 proficiscitur

746 3104 851 3198 quim
870 3103 914 3176 ab
939 3127 981 3174 eo
999 3101 1097 3198 cujus
1113 3099 1393 3175 benevolentiam
1411 3120 1451 3172 tu
1469 3099 1556 3172 mihi
1572 3095 1780 3186 concilinsti,
1804 3099 1875 3173 boc
1894 3101 1943 3175 eli

746 3199 904 3274 Dotiore
923 3199 1054 3270 Malitio
1084 3193 1221 3270 Hero‘e'.
1269 3195 1302 3268 A
1326 3217 1399 3288 quo
1418 3216 1486 3290 ego
1503 3195 1643 3290 quidem
1664 3214 1842 3289 nonquam
1867 3217 1943 3269 tau·

745 3315 821 3370 tum
838 3291 1042 3368 beneficium
1064 3290 1200 3386 sperare
1223 3289 1323 3364 ausus
1339 3286 1493 3364 furiem:
1517 3287 1577 3362 sed
1597 3308 1637 3362 tu
1651 3311 1723 3364 non
1742 3291 1831 3364 levis
1847 3289 1941 3366 fuisti

744 3389 1009 3468 commendator
1038 3385 1076 3461 ἃ
1103 3407 1272 3480 patronos
1302 3388 1398 3482 apud
1423 3387 1522 3457 illum
1547 3385 1644 3459 mihi.
1702 3380 1943 3474 Quamobrem

745 3489 884 3582 utrique
901 3479 1073 3570 vestrum,
1095 3479 1178 3554 cium
1193 3483 1315 3554 multis
1340 3480 1417 3554 aliis
1438 3479 1659 3566 nominibus,
1681 3497 1756 3553 tum
1781 3481 1853 3557 boc
1876 3503 1943 3578 po·

745 3581 926 3665 tiffimirm,
950 3579 1140 3676 plurimum
1164 3600 1217 3650 me
1243 3575 1372 3650 debere
1391 3572 1527 3670 semper
1549 3571 1698 3650 fatebor.
1748 3572 1806 3649 Te
1829 3578 1942 3668 verb,
1999 3593 2003 3604 ’

743 3679 932 3754 charissime
950 3677 1080 3767 Rupili,
1101 3672 1259 3746 idetiam
1273 3693 1379 3766 atque
1399 3671 1507 3743 etiam
1521 3693 1632 3765 rogo,
1656 3691 1696 3744 ut
1710 3673 1942 3768 cumprimum

745 3764 1240 3960 llpllll‘gdlllgil
1251 3762 1520 3958 albidi?
1540 3765 1942 3960 diligibili&

747 3922 817 4040 feci
827 4016 839 4052 ‚
863 3961 985 4038 verbm
997 3957 1079 4033 ciam
1097 3959 1156 4032 ille
1170 3979 1227 4030 me
1246 3957 1313 4031 suis
1326 3945 1508 4032 benefieiis
1527 3955 1759 4033 devinciendo
1773 3959 1839 4034 tibi
1854 3980 1941 4056 quo-

743 4083 816 4157 que
839 4053 1028 4152 gratificari
1052 4050 1130 4148 (uti
1150 4051 1242 4144 scis)
1267 4052 1426 4150 inprimis
1451 4051 1639 4143 studuerit,
1664 4075 1729 4130 oro
1744 4055 1793 4128 mi
1807 4055 1937 4150 Rupili,

742 4177 787 4230 ut
802 4177 845 4229 ex
861 4156 929 4228 tois
947 4151 1056 4225 literis
1077 4151 1115 4246 .&
1139 4172 1195 4224 me
1213 4147 1279 4222 tibi
1303 4169 1408 4243 atque
1430 4149 1484 4222 illi
1514 4150 1642 4244 gratias
1665 4170 1787 4244 agere,
1812 4149 1851 4224 δι
1874 4149 1940 4224 tibi

743 4273 886 4348 quoque
901 4245 998 4344 quod
1012 4248 1071 4319 ille
1091 4245 1130 4318 in
1147 4265 1240 4319 tuam
1261 4245 1410 4318 maxime
1432 4247 1577 4338 gratiam
1605 4245 1692 4316 mihi
1712 4243 1865 4338 benigne
1888 4239 1940 4320 fe·

740 4351 812 4437 eit,
835 4344 1008 4440 voluptati
1022 4337 1300 4464 ell'ecognoi‘cat.
1350 4335 1460 4430 Vale,
1483 4361 1544 4432 25.
1568 4337 1702 4438 Aprilis
1728 4357 1835 4436 1535.

1829 4525 1942 4609 ult·
1976 4559 1989 4580 ·
