4882 5804
734 624 816 714 ιφ
840 586 1464 720 V1onrrmnnr‘rn
1498 587 1872 692 zutcrtnnn

731 775 816 850 dum
833 773 885 847 rei
899 771 1051 846 Medicas
1067 771 1216 844 studium
1228 768 1333 845 fueris
1344 767 1523 868 amplexui
1532 821 1545 858 ,
1560 789 1668 868 atque
1684 793 1730 846 ex
1746 793 1790 848 eo
1800 769 1928 848 itiam

731 867 843 942 aetatis
859 888 1088 944 commeatum
1100 893 1141 941 ac
1152 871 1319 942 viaticum
1332 889 1483 961 qums,
1500 867 1725 962 cogitandum
1736 867 1929 959 tlbitll,ua

731 963 868 1038 mature
885 986 926 1038 ea
948 987 1027 1058 quae
1044 965 1212 1050 didicisti,
1236 964 1280 1035 ad
1304 961 1399 1036 usum
1423 963 1643 1036 commodare
1670 965 1830 1060 incipias.
1879 967 1933 1040 Et

728 1081 775 1134 att
789 1082 852 1132 nos
867 1062 902 1132 in
919 1059 1003 1131 foris
1022 1083 1063 1132 ac
1083 1060 1309 1170 tribunalibps
1332 1062 1448 1156 legum
1466 1056 1658 1170 nollrarum
1673 1063 1808 1156 praxim
1823 1061 1928 1136 disce-

732 1176 973 1349 rnent
990 1152 1316 1324 litterata
1328 1155 1930 1348 testatamenti&

735 1351 901 1442 maiorem
919 1348 988 1420 diei
1001 1366 1135 1443 partem
1157 1345 1330 1421 allumunt
1348 1349 1385 1419 in
1397 1343 1600 1421 affeetatdis
1617 1347 1832 1426 Dudoribus
1850 1372 1932 1425 cum

737 1443 866 1541 quibus
888 1445 932 1517 ad
951 1443 1281 1518 valetudinariorum
1302 1442 1424 1516 domos
1443 1446 1670 1518 circumeunt
1719 1440 1769 1517 Et
1784 1445 1855 1522 hoc
1870 1446 1933 1521 srbi
2036 1443 2040 1452 ’

736 1540 866 1616 honori
885 1538 1019 1612 ducunt
1039 1535 1244 1628 Dociores,
1276 1562 1389 1635 neque
1411 1559 1505 1634 aegre
1528 1538 1649 1613 ferunt
1669 1542 1790 1638 aegtoti
1801 1591 1813 1631 ,
1837 1541 1933 1641 quast

737 1637 806 1712 illis
826 1633 989 1709 adhibitis
1010 1629 1155 1708 testibus
1170 1638 1278 1730 major
1292 1637 1329 1707 in
1348 1637 1505 1710 curando
1526 1635 1664 1710 Medici
1683 1633 1802 1711 futura
1817 1637 1860 1714 stt
1881 1639 1934 1712 di·

736 1731 887 1828 ligentia.
913 1730 1018 1804 Certe
1033 1731 1070 1800 in
1083 1731 1181 1804 omni
1197 1749 1268 1804 arte
1287 1751 1359 1803 non
1367 1729 1447 1804 leve
1464 1752 1678 1806 momentum
1695 1731 1818 1818 liabet,
1837 1735 1934 1831 quod

737 1830 817 1925 quis
835 1849 942 1900 unum
963 1830 1010 1899 ali
1037 1849 1117 1900 uem
1135 1821 1325 1898 Doliorem
1351 1826 1502 1921 deligat,
1525 1850 1628 1922 quem
1647 1829 1851 1916 comitetur,
1874 1855 1935 1904 cu·

681 2013 682 2016 ¹
738 1929 792 2000 'us
809 1924 944 2020 praxim
961 1851 1146 2008 obFervet,
1171 1922 1409 2018 paulatimque
1424 1921 1496 2019 ipfe
1516 1943 1595 2020 qum
1617 1921 1742 1997 didicit
1758 1921 1854 2020 quali
1870 1927 1934 2002 illo

779 2042 845 2095 uce
867 2019 1000 2094 minore
1017 2041 1096 2092 cum
1118 2017 1274 2114 periculo
1295 2015 1459 2093 conferre
1482 2020 1636 2116 incipiat
1686 2018 1740 2095 Ea
1756 2043 1834 2096 mea
1849 2047 1937 2120 quo·

738 2118 861 2213 quein
882 2113 962 2208 Jure
981 2112 1146 2189 discendo
1166 2110 1382 2190 consuetudo
1399 2113 1489 2206 fuit,
1513 2113 1595 2190 dam
1619 2117 1676 2211 egi
1693 2118 1729 2190 in
1752 2113 1872 2194 Gallia
1887 2139 1938 2194 at·

740 2237 810 2309 que
824 2209 946 2299 ltalia,
969 2213 1147 2306 multaque
1164 2207 1213 2284 fic
1235 2207 1370 2296 didici,
1394 2234 1475 2307 quae
1504 2233 1548 2285 eat
1564 2211 1663 2286 libris
1679 2208 1756 2288 ferd
1776 2215 1939 2310 equidem

733 2305 1133 2476 perciperepotuillem.
1184 2304 1235 2380 Et
1249 2304 1367 2380 cundi
1389 2307 1462 2416 fere
1485 2308 1687 2403 quatumvis
1709 2312 1835 2384 artium
1858 2311 1939 2386 Ma·

731 2403 836 2500 ,gistri
858 2427 937 2499 quae
964 2427 1018 2478 am
1038 2401 1132 2501 quast
1148 2401 1207 2477 sua
1232 2401 1271 2474 δι
1291 2422 1436 2498 propria
1457 2405 1608 2488 habent,
1631 2425 1711 2498 quae
1727 2403 1791 2500 ipll
1808 2405 1941 2482 scilicet

743 2500 983 2668 experientia,
1007 2500 1203 2594 crebroque
1228 2495 1291 2570 usu
1314 2499 1542 2592 comprobata
1557 2521 1591 2570 m
1639 2499 1646 2514 '
1689 2521 1785 2573 certa
1802 2499 1839 2576 δι
1854 2518 1939 2576 vera

732 2593 781 2693 ju
808 2597 911 2670 icant.
959 2591 1280 2694 Nonpptodelore
1294 2590 1512 2672 tibieaudem
1525 2615 1591 2668 occ
1638 2615 1740 2667 onem
1759 2593 1939 2684 Colonia,

691 2735 694 2742 .
743 2711 878 2766 tantum
898 2694 992 2766 eain
1008 2715 1047 2766 re
1067 2690 1149 2765 vide
1163 2713 1207 2763 ne
1226 2691 1311 2785 quid
1330 2707 1365 2761 te
1389 2687 1542 2757 eurania
1564 2709 1780 2766 remoretur:
1805 2713 1846 2766 ac
1868 2715 1941 2767 me·

746 2807 864 2864 mento
891 2787 984 2886 ejus,
1009 2787 1106 2886 quod
1131 2785 1283 2861 arbitror
1304 2785 1514 2882 Plutarchum
1537 2783 1685 2861 scribere
1710 2787 1755 2861 de
1781 2788 1943 2885 Diogene,
2023 2833 2033 2856 .

1882 2889 1945 2982 qui

750 3115 820 3184 que
848 3092 1055 3162 abstulerint.
1077 3109 1112 3177 p.
1140 3109 1216 3173 250·
1243 3107 1318 3173 251.
1346 3089 1579 3158 Nihilominus
1600 3107 1620 3157 a
1640 3091 1839 3159 muneribus
1860 3091 1949 3160 lema

751 3201 818 3268 per
834 3195 919 3255 eunt
939 3175 1236 3248 abhorruilsecom
1285 3177 1333 3252 ri,
1354 3173 1572 3260 &singulare
1590 3173 1663 3252 eil,
1681 3173 1775 3256 quod
1796 3175 1841 3243 ad
1856 3177 1946 3263 Hyp·

744 3261 877 3352 'politum
892 3259 1044 3342 Petfinam
1061 3259 1195 3332 senatus
1252 3257 1432 3324 ltra'estini
1444 3257 1621 3342 praesidem
1640 3274 1732 3324 anno
1754 3275 1847 3342 1557.
1863 3259 1946 3327 scri·

737 3346 838 3433 psit:
857 3345 981 3412 Donum
1002 3342 1081 3426 qnod
1105 3341 1219 3423 offers,
1247 3277 1379 3426 quelque
1407 3356 1554 3426 tantopere
1583 3362 1619 3406 ne
1641 3339 1781 3427 aspernor
1804 3343 1949 3428 flagitas,

754 3450 806 3498 naa
867 3447 898 3492 m
914 3426 987 3490 mili
1004 3423 1135 3508 offianelit
1149 3423 1315 3508 pudorem,
1333 3445 1393 3489 non
1415 3422 1477 3489 ideo
1498 3439 1616 3488 tontum
1638 3423 1720 3509 quaa
1732 3425 1809 3492 mitt
1821 3430 1883 3492 tale
1896 3429 1949 3495 ads

755 3529 785 3582 te
815 3531 858 3578 tm
868 3515 1011 3586 metitus,
1025 3507 1080 3592 sed
1097 3507 1177 3594 qnod
1190 3505 1415 3590 ingratitudinis
1435 3507 1767 3584 salamantinensem,
1788 3518 1842 3594 pati
1860 3511 1949 3598 itlse·

754 3612 869 3666 eretum
885 3592 1090 3678 eruptionisque
1113 3591 1199 3655 titulo
1219 3591 1389 3658 obvelatam
1401 3585 1601 3674 susciperent,
1628 3591 1715 3676 qaas
1735 3607 1822 3658 tuam
1840 3593 1951 3662 libera-

757 3683 875 3751 litatem
889 3677 1031 3764 profiteri
1048 3671 1227 3758 nonnosus.
1268 3673 1356 3741 Certe
1365 3672 1585 3758 simulationem
1598 3681 1718 3740 amenus
1730 3695 1811 3742 mats
1823 3699 1881 3744 non
1894 3681 1952 3746 ad·

757 3770 881 3844 mittit,
909 3781 958 3828 nec
987 3780 1021 3826 ea
1051 3765 1130 3823 inter
1146 3773 1199 3822 nas
1217 3773 1288 3842 opus
1308 3755 1358 3840 all.
1397 3755 1473 3842 Quis
1493 3763 1569 3822 etim
1590 3778 1643 3824 tros
1662 3757 1697 3824 da
1714 3775 1828 3842 peccato
1849 3762 1952 3827 redor-

756 3847 894 4018 atel
905 3839 1504 4010 illitteratissimas
1521 3840 1767 3992 illitis
1784 3851 1952 3994 ‘'tanla
2021 3870 2026 3878 ’

759 4015 926 4086 donatianis
944 4009 1065 4074 titulum
1085 4023 1174 4072 antea
1193 4021 1221 4072 te
1242 4023 1316 4092 espa
1342 4014 1380 4072 'te
1397 4007 1519 4083 veum,
1607 4029 1638 4073 m
1652 4016 1783 4095 partitio
1800 4031 1864 4076 nant
1884 4013 1955 4080 De.

759 4101 907 4168 kamano
924 4093 1026 4180 fiterit
1041 4093 1192 4178 pontio,
1217 4110 1253 4156 aa
1279 4111 1328 4174 ego
1349 4087 1510 4175 aequando
1557 4096 1586 4156 ti
1598 4113 1659 4158 tom
1679 4099 1749 4160 invi
1762 4111 1829 4170 ens,
1851 4115 1955 4178 copta

759 4201 861 4259 vero,
877 4176 1020 4264 prediolo
1038 4194 1101 4240 meo
1121 4173 1316 4240 Zuiahemono
1336 4193 1401 4240 eam
1419 4188 1532 4238 terram
1546 4193 1638 4258 qaam
1657 4175 1704 4242 D.
1753 4175 1883 4242 mamre
1896 4183 1957 4242 nti-
1975 4225 1978 4232 a

761 4267 794 4335 lai
812 4263 957 4348 inslitnit,
975 4257 1030 4344 effi
1048 4255 1271 4326 accommodant.
1313 4254 1403 4324 Tanti
1413 4276 1468 4342 per
1486 4263 1580 4340 igitar
1602 4256 1698 4342 quaeso
1712 4257 1848 4339 effictum
1865 4261 1956 4341 masna

651 4347 659 4360 '
759 4346 949 4418 liberalitatis
972 4359 1031 4409 tuae
1050 4339 1203 4429 suspende.
1243 4339 1286 4408 Et
1305 4359 1355 4494 epo
1397 4361 1474 4419 ane,
1497 4341 1612 4424 etiams
1630 4347 1656 4406 is
1671 4360 1838 4425 numqaum
1857 4345 1955 4427 mase-

752 4447 893 4528 μαῖαν,
913 4447 972 4500 non
991 4432 1089 4498 minuas
1109 4442 1209 4524 tantm
1227 4443 1274 4494 nte
1293 4430 1346 4495 tii
1399 4425 1463 4494 lert
1480 4423 1646 4524 agpasaam.
1676 4423 1824 4518 TOM
1834 4443 1870 4515 p.
1885 4431 1962 4514 189.
