4882 5804
578 537 1199 638 tenimentorum
1227 536 1556 644 DIVERSOS.
1594 561 1675 662 tat

480 719 781 811 memorationem,
809 723 915 798 aliurn
934 726 1116 822 promerui
1139 723 1266 800 librum
1295 727 1353 793 eds
1372 719 1482 816 stapris
1509 717 1674 814 Justinia·

405 833 414 860 ‘
480 823 538 907 ni,
563 825 673 898 multo
700 821 969 895 emendatiorem
992 823 1281 917 plenioremque,
1305 821 1408 918 quim
1433 819 1472 893 stt
1494 820 1524 892 is
1547 817 1609 912 qui
1626 815 1672 890 ab

482 917 658 991 Holoandre
676 918 787 992 editus
808 915 886 989 suit.
935 915 985 988 Et
1007 915 1102 1012 spem
1128 919 1274 1012 concepi
1297 919 1364 991 alia
1381 939 1438 992 me
1464 915 1507 992 ab
1529 935 1573 988 eo
1587 933 1672 988 con·

476 1009 686 1090 ¹secuturum.
735 1011 835 1086 Vale.
868 1009 1004 1086 Patavii
1028 1031 1084 1104 17.
1108 1011 1241 1108 Aprilis
1268 1033 1373 1108 1533.
1515 1023 1518 1030 “

703 1211 1215 1307 EPISTOLA.
1271 1213 1458 1313 XLV.
1701 1235 1827 1303 nete

1702 1335 1751 1392 tuq
1765 1317 1810 1379 11.

549 1429 903 1528 uuasuto
959 1427 1588 1540 uonnuonauo.
1641 1513 1646 1522 .
1700 1393 1844 1462 f⁰¹·²¹²·

480 1639 558 1732 Dc·
575 1650 744 1760 acceptis
769 1639 821 1729 ab
839 1639 1008 1759 Erasmo
1028 1641 1196 1759 epistolis
1218 1647 1375 1759 gratias
1396 1640 1527 1731 habet.
1554 1643 1664 1758 Apa·
1715 1658 1820 1735 1533·

534 1761 592 1842 rit
618 1763 655 1844 ei
678 1755 876 1866 confilium
890 1757 1012 1870 suum
1031 1759 1224 1872 migrandi
1240 1757 1429 1872 Spiram‚
1459 1777 1504 1844 ut
1520 1781 1608 1871 quae
1623 1763 1665 1844 in

524 1864 673 1984 scholis
693 1870 827 1957 didicit
844 1897 893 1956 ac
910 1871 1059 1974 docuit,
1086 1871 1143 1956 ad
1144 1868 1292 1979 fitrum
1312 1866 1369 1961 C?
1384 1890 1510 1984 remp.
1525 1887 1665 1957 trans·

523 1979 652 2090 ferat.
714 1981 876 2070 Graecas
916 1979 1182 2092 [restitutiones
1231 1979 1380 2094 Caesari
1422 2001 1665 2096 nuncupatas

537 2090 750 2180 Frobeniut
769 2094 946 2180 excudet.
1004 2093 1114 2201 Quot
1136 2091 1281 2182 habeut
1294 2113 1477 2208 patronos
1501 2100 1541 2181 in
1558 2113 1665 2180 utra·

536 2232 616 2406 ff
655 2205 889 2293 Germania.
947 2205 1015 2294 Ab
1052 2203 1224 2320 Erasmo
1252 2207 1518 2294 commendari
1544 2213 1711 2324 rupit·

591 2325 727 2406 emittit
741 2319 790 2404 de
813 2322 941 2407 variis
967 2323 1070 2406 uiris
1098 2320 1275 2406 eruditis.
1368 2353 1371 2360 ⁴

483 2543 669 2712 SEmper
696 2543 858 2640 equidem
882 2545 999 2638 magni
1023 2540 1187 2618 beneficii·
1209 2543 1291 2618 loco
1312 2545 1419 2634 duxi,
1455 2547 1506 2621 D.
1532 2489 1665 2644 Erafine

588 2663 708 2714 attone
736 2641 890 2712 omnium
922 2639 1132 2720 maxime&
1163 2641 1466 2725 honorandiffime,
1500 2644 1596 2736 quod
1620 2642 1666 2716 ad

481 2755 536 2807 me
561 2663 706 2811 fier-ibere
739 2757 810 2806 non
840 2737 1043 2829 gravareris.
1092 2732 1203 2806 Nunc
1226 2756 1338 2810 autem
1363 2739 1459 2833 quod
1487 2758 1558 2811 tam
1583 2759 1666 2832 pro·

480 2832 582 2913 lixis,
614 2828 839 2916 honorificis,
873 2829 1099 2926 benignisque
1128 2830 1238 2904 literis
1261 2835 1385 2905 iterum
1414 2852 1526 2928 atque
1541 2835 1668 2906 iterum

484 2949 539 2999 me
563 2923 606 2999 fis
629 2927 811 3020 dignatus,
837 2927 983 2999 maxuma
1004 2927 1069 2999 tibi
1098 2947 1117 2996 a
1146 2946 1202 2996 me
1230 2927 1341 3022 gratia
1362 2926 1522 3001 habetur.
1571 2925 1667 3000 Nam

439 3099 444 3112 ,
482 3043 603 3096 mutuo
618 3019 790 3094 scribendi
814 3017 929 3093 officio
946 3022 1033 3094 adeo
1045 3019 1110 3094 tibi
1123 3017 1317 3095 satisfacere
1332 3042 1489 3114 nequeo,
1506 3041 1546 3096 ut
1558 3022 1669 3095 abun-

485 3119 529 3189 de
548 3118 609 3192 suo
637 3115 753 3190 officio
779 3112 910 3188 funttae
931 3117 1041 3188 literae
1064 3137 1151 3188 meae
1173 3118 1259 3190 mihi
1280 3117 1485 3209 videantur;
1509 3115 1533 3189 st
1559 3119 1666 3194 modo

483 3215 569 3284 nihil
587 3238 621 3288 te
642 3209 873 3295 offenderint,
898 3211 936 3284 δι
959 3213 1097 3304 qualem
1116 3213 1253 3304 qualem
1268 3209 1481 3288 occasionem
1501 3212 1566 3286 tibi
1581 3233 1671 3310 prm·

482 3307 645 3393 buerint‚
670 3329 742 3402 quo
757 3309 827 3380 hoc
845 3326 928 3400 erga
955 3329 1010 3378 me
1029 3305 1237 3380 beneficium
1268 3307 1304 3379 in
1326 3307 1500 3404 posterum
1525 3330 1677 3404 quoque·

486 3407 678 3476 continues.
730 3399 879 3493 Quodli
903 3421 1015 3474 autem
1035 3403 1126 3474 votis
1151 3403 1235 3474 meis
1257 3401 1384 3497 Superi
1405 3408 1606 3488 annuerint,
1629 3405 1668 3479 id

342 3511 350 3528 '
485 3497 557 3584 est,
578 3519 618 3570 ut
643 3502 680 3572 δι
696 3517 731 3571 te
747 3498 805 3570 diu
823 3495 925 3569 nobis
945 3498 1151 3570 incolumem
1167 3499 1206 3572 δι
1227 3497 1437 3592 superstitem
1459 3499 1614 3578 servent:
1629 3501 1667 3574 dc

487 3594 571 3686 milti
588 3592 884 3686 fortunampauld
910 3593 1090 3665 lautiorem
1119 3593 1317 3688 praebeant:
1353 3593 1466 3706 teipsa
1490 3594 1669 3689 gratitudi·

484 3683 1463 3878 lsslldlltltlliitt}”tlgtldrlllltl
1480 3689 1669 3860 till&

485 3903 562 3954 runt
581 3877 728 3952 confinis
753 3897 882 3970 cupere
898 3899 953 3950 me
971 3877 1040 3950 aliti
1058 3877 1168 3951 studia
1185 3902 1261 3952 mea
1274 3875 1433 3965 uenere,
1460 3877 1497 3951 δι
1517 3881 1670 3975 aliquan·

487 3976 535 4048 do
558 3975 603 4048 ad
633 3971 775 4084 scopum
790 3973 940 4068 propius
952 3971 1114 4066 dirigere.
1159 3971 1240 4062 Qui
1259 3972 1359 4046 nobis
1384 3973 1476 4068 pene
1503 3975 1680 4049 omnibus-

486 4075 516 4145 is
541 4067 611 4157 est,
634 4088 675 4143 ut
694 4091 731 4140 tn
759 4064 839 4140 foro
862 4065 918 4140 vel
946 4063 1143 4162 Republica
1172 4067 1268 4143 usum
1298 4069 1448 4163 aliquem
1478 4071 1671 4166 disciplinae

360 4177 369 4194 '
488 4164 613 4242 nostrae
638 4161 869 4237 exhibeamus.
920 4162 1008 4254 Juta
1028 4163 1121 4234 enim
1142 4163 1259 4237 civilia
1282 4180 1390 4237 utcun
1417 4187 1481 4253 ue,
1503 4167 1574 4240 hoc
1599 4165 1678 4254 est,.

482 4281 654 4336 uantum
688 4255 851 4333 nostratia
875 4253 952 4334 fora
975 4258 1173 4354 requirant,
1206 4275 1318 4354 prope
1349 4187 1466 4332 digiti.
1515 4259 1576 4333 Et‘
1595 4259 1673 4333 ltaee

486 4287 607 4436 hita
620 4355 822 4434 exercitaio
836 4376 907 4434 non
923 4375 1120 4525 parumsnte
1131 4355 1245 4452 juvit,
1268 4351 1490 4454 tuebaturque
1509 4351 1683 4434 adversat·

1099 4467 1128 4543 a
1593 4470 1685 4538 eet„
