4612 5850
629 517 636 526 ⁸
729 623 810 720 352
838 593 1077 700 utourr
1103 619 1171 688 rs
1198 591 1442 691 sunna
1477 592 1850 697 zoroastri

730 794 801 868 hoc
812 787 992 864 Haeresum
1007 790 1267 884 inquinamento
1285 785 1378 883 quast
1392 785 1595 862 seditionum
1612 786 1740 866 sortite
1754 811 1914 871 caveant.

734 887 843 984 Unde
870 889 906 958 in
926 889 1040 958 multis
1058 887 1152 980 apud
1177 881 1342 956 Caesarem
1362 886 1501 958 illorum
1527 888 1711 978 praevaluit
1725 885 1914 976 sententia,

736 985 895 1077 exemplo
921 981 1125 1075 potiffimum
1152 997 1298 1070 accepto
1325 1002 1371 1051 ex
1401 981 1573 1074 prioribus
1598 981 1737 1068 edistis,
1764 1005 1912 1077 quorum

735 1078 1001 1174 praejudicium,
1025 1077 1158 1170 aequius
1175 1071 1419 1166 humaniusque
1439 1072 1654 1148 sentientium
1670 1078 1912 1170 opinionibus,

736 1172 894 1269 inprimis
911 1171 1086 1252 obstabat,
1111 1167 1190 1242 crim
1208 1167 1345 1242 difficile
1362 1167 1402 1241 srt
1419 1169 1598 1266 Principes
1616 1172 1660 1244 ab
1673 1194 1717 1243 eo
1728 1195 1892 1249 revocare
1902 1223 1915 1261 ,

738 1267 837 1366 quod
854 1261 952 1340 semel
969 1263 1161 1358 persuasum
1181 1263 1383 1339 habuerunt.
1419 1263 1580 1338 Tertium
1596 1287 1710 1338 autem
1730 1270 1917 1344 articulum

739 1365 879 1460 quidam
900 1359 1028 1434 Caesari
1045 1354 1233 1452 suggessdre
1251 1381 1294 1431 ex
1320 1354 1433 1430 editio
1455 1382 1520 1454 per
1546 1359 1680 1454 Regem
1702 1358 1920 1436 Francorum

740 1479 863 1536 contra
879 1455 1038 1528 Hareses
1055 1455 1161 1526 edito.
1213 1453 1286 1526 Ubi
1304 1451 1446 1548 fimplex
1464 1477 1579 1542 error,
1604 1477 1644 1526 ac
1661 1478 1732 1527 non
1747 1455 1919 1532 obstinata

741 1561 783 1628 a'c
799 1547 965 1624 malitiosa
978 1551 1139 1624 voluntas
1157 1548 1200 1622 ab
1215 1569 1370 1622 extremo
1386 1547 1535 1625 Haeresrs
1553 1552 1663 1644 gradu
1683 1549 1918 1646 distinguitur.

740 1647 813 1722 Etfi
834 1649 979 1720 enimin
1004 1667 1153 1737 utroque
1172 1643 1250 1718 casu
1272 1642 1313 1717 srt
1329 1646 1447 1728 dolus,
1473 1642 1665 1719 excusatior
1682 1665 1794 1719 tamen
1817 1645 1920 1720 estin

739 1765 832 1830 uno,
857 1741 957 1836 quim
971 1743 1006 1812 in
1026 1743 1145 1814 altero.
1181 1738 1272 1812 Cum
1290 1741 1495 1834 plerumque
1514 1741 1710 1836 contingat,
1735 1743 1919 1815 muliercu-

740 1841 791 1912 las
807 1836 957 1930 aliosque
971 1835 1205 1910 imbecillioris
1217 1835 1340 1930 judicii
1350 1837 1527 1918 homines,
1550 1835 1687 1908 levibus
1703 1835 1921 1931 persuasioni·

741 1937 807 2010 bus
824 1936 859 2006 in
876 1933 1058 2028 opiniones
1074 1931 1240 2024 quasdam
1252 1930 1372 2003 induci
1386 1927 1556 2003 Haeresim
1573 1928 1759 2026 sapientes:
1770 1954 1809 2005 ut
1821 1929 1919 2006 Con·

739 2023 913 2104 sessione'm
931 2043 1175 2111 contemnant,
1197 2023 1318 2099 Missas
1336 2025 1531 2122 negligant,
1557 2025 1594 2099 dt
1616 2028 1681 2100 alia
1698 2024 1915 2118 hujusmodi:

740 2129 803 2220 qui
818 2141 930 2196 tamen
955 2121 1072 2216 postea
1085 2120 1220 2195 saniora
1234 2121 1501 2195 monstrantibus
1526 2143 1596 2193 non
1612 2118 1755 2218 gravate
1775 2125 1916 2196 cedunt.

739 2219 820 2295 Hos
833 2217 988 2290 nonnulli
1000 2216 1134 2311 judices
1145 2218 1202 2299 ,in
1218 2217 1367 2312 rigorem
1381 2214 1573 2290 edidiorum
1590 2219 1747 2312 priorum
1762 2215 1919 2294 incidill'e

740 2314 915 2399 arbitrati,
940 2314 983 2385 ad
999 2333 1119 2407 poenas
1137 2331 1234 2385 antea
1259 2312 1448 2406 rapiebant.
1498 2311 1631 2386 Verbm
1648 2311 1758 2386 visum
1776 2313 1840 2386 fuit
1856 2315 1917 2386 ali·

740 2431 910 2508 quatenus
930 2409 965 2481 id
983 2409 1155 2502 mitigare,
1181 2407 1408 2502 relinquendo
1431 2407 1468 2479 in
1489 2405 1684 2501 hujusmodi
1701 2429 1817 2484 errore
1828 2409 1919 2504 judi·

742 2509 836 2580 cium
855 2501 934 2576 soro
954 2500 1224 2589 Ecclefiasticm
1261 2499 1501 2576 Poenitenriam
1529 2505 1734 2576 admittenti.
1785 2504 1842 2577 Sic
1865 2521 1918 2579 ta·

687 2645 696 2684 2
744 2623 824 2675 men
843 2617 882 2672 ut
896 2599 1059 2689 deinceps
1075 2597 1118 2667 ab
1137 2596 1259 2669 eodem
1281 2593 1453 2670 fermento
1470 2593 1678 2683 abstineant,
1701 2595 1762 2671 sub
1782 2599 1883 2693 elapsi
1899 2598 1920 2639 ⁹

674 2743 684 2764 .
745 2718 865 2792 prena,
896 2714 974 2787 quae
990 2692 1027 2765 dt
1046 2691 1223 2785 prioribus
1242 2693 1362 2766 edistis
1387 2693 1431 2765 de
1455 2689 1583 2764 Haeresr
1614 2689 1718 2766 semel
1749 2691 1920 2768 convictis

743 2793 1000 2887 imponebatur.
1050 2785 1160 2878 Quod
1174 2789 1322 2879 pertinet
1345 2808 1457 2859 autem
1474 2791 1517 2860 ad
1535 2788 1678 2861 verbum
1693 2790 1922 2886 interpretan-

745 2889 804 2973 di,
828 2887 863 2958 id
882 2886 926 2958 ad
942 2882 1120 2955 meliorem
1145 2879 1410 2954 declarationem
1435 2881 1635 2955 intentionis
1661 2882 1827 2974 Caesareae
1844 2885 1923 2958 Ma·

741 2979 872 3080 jestatis
892 2979 940 3053 D.
967 2975 1011 3048 V.
1037 2997 1100 3072 per
1113 2975 1321 3049 secretarios
1336 2973 1483 3049 adscribi
1502 2999 1623 3050 curare
1639 2981 1779 3074 poterit.
1813 2980 1923 3070 Quod

744 3078 771 3152 st
800 3075 914 3151 Caesar
936 3069 1048 3168 passus
1075 3067 1216 3157 suiss'et,
1249 3072 1332 3145 novi
1352 3071 1445 3144 istius
1470 3073 1573 3144 edicti
1592 3070 1737 3145 sormam
1761 3073 1924 3148 Consrliis

745 3195 857 3248 antea·
872 3165 1134 3246 examinandam
1160 3168 1314 3242 tradere:
1350 3169 1605 3260 complurium
1632 3166 1862 3242 satissadiione
1885 3173 1921 3242 in

744 3267 925 3364 publicum
940 3263 1052 3337 emitti
1069 3258 1242 3356 potuisset.
1294 3261 1402 3356 ldque
1424 3259 1505 3334 sane
1524 3284 1591 3356 ego
1612 3267 1810 3359 cumprimis
1836 3263 1922 3336 dest·

746 3362 919 3436 derabam.
971 3353 1103 3429 Verium
1123 3356 1201 3431 cium
1219 3355 1316 3430 secus
1334 3355 1586 3450 Maiestatisuae
1608 3361 1793 3451 placuerit,
1806 3358 1922 3434 danda

746 3455 855 3532 nobis¹
867 3453 915 3525 est
930 3451 998 3523 uni
1014 3473 1140 3547 opera,
1165 3469 1205 3525 ut
1220 3451 1263 3523 ab
1279 3451 1355 3546 ipso
1370 3451 1492 3523 statuta
1508 3451 1684 3524 moderate
1698 3475 1923 3545 exequamur.

746 3547 845 3740 pepp
860 3550 960 3633 vale,
986 3546 1137 3621 Domine
1156 3548 1358 3645 cumprimis
1382 3547 1597 3624 honorande.
1645 3545 1704 3622 Ex
1721 3545 1836 3625 Clivia
1864 3557 1920 3632 16·

774 3650 950 3720 u'anno
975 3661 1079 3733 1550.
1727 3689 1730 3697 .
