4882 5804
702 621 790 738 196
818 605 1053 714 VIGLII
1082 633 1151 701 Au
1181 603 1432 700 AYTTA
1473 601 1849 706 ZUICHEMI

700 833 803 910 gant:
828 831 916 906 quos
933 806 1023 880 inter
1039 803 1097 878 ille
1126 801 1189 898 qui
1212 799 1273 875 hic
1291 797 1503 896 profitetur,
1529 823 1633 896 quem
1655 803 1911 882 adolescentem

702 911 791 986 nosti
809 907 844 980 in
857 901 1106 998 Biturigibus,
1131 899 1192 996 qui
1218 920 1310 971 ame
1338 895 1433 972 domi
1448 895 1646 994 susceptus,
1672 902 1794 986 altus,-
1807 925 1910 978 orna.

705 1027 783 1091 tus,
809 1001 988 1083 eruditus,
1022 1015 1229 1094 promotus,
1255 996 1345 1067 hanc
1366 997 1578 1090 praeceptori
1600 997 1746 1090 gratiam
1772 1001 1912 1093 retulit,

707 1123 748 1176 ¹¹1
763 1099 843 1174 Cflm
860 1093 1011 1194 primum
1034 1095 1118 1186 Rfsss
1144 1090 1216 1187 (3)
1241 1091 1312 1164 huc
1335 1091 1494 1186 appulit,
1518 1113 1598 1164 cum
1623 1111 1665 1164 eo
1686 1091 1915 1190 conspirarit,

710 1219 832 1274 omnes
865 1192 1006 1267 schedas
1030 1209 1123 1264 meas
1156 1187 1501 1274 communicaverit,
1541 1186 1719 1282 ambiguas
1744 1213 1852 1266 voces
1878 1195 1916 1266 111

709 1296 857 1388 vulgum
871 1285 1051 1386 sparserit3
1064 1284 1220 1358 breviter
1231 1303 1328 1356 tanta
1339 1305 1393 1354 me
1402 1283 1526 1378 injuria
1543 1279 1718 1371 affecerit,
1735 1305 1916 1382 ceparum

568 1425 572 1432 ·
712 1387 894 1472 abfuerit,
929 1385 1015 1480 quin
1043 1381 1166 1454 dolore
1191 1376 1229 1450 δι
1252 1375 1493 1473 indignatione
1521 1380 1696 1476 percitus,
1720 1381 1843 1477 legalis
1865 1383 1915 1458 sa·

743 1486 859 1562 ientiae
876 1480 976 1560 libris
993 1477 1162 1572 Loripedi
1179 1475 1248 1549 deo
1259 1474 1533 1565 commendatis,
1558 1477 1747 1571 compedes
1765 1478 1917 1556 Saturno

713 1512 977 1676 fuspenderem,
1000 1571 1039 1648 dt
1063 1594 1119 1646 me
1145 1572 1218 1644 ruri
1237 1571 1444 1659 conderem,
1468 1589 1509 1645 ut
1534 1571 1692 1646 dicerent
1717 1581 1921 1672 praeterien-

715 1699 798 1762 tes,
823 1675 887 1748 Hic
900 1680 987 1770 fisus
1003 1671 1148 1742 Alcimus
1170 1667 1205 1738 ἐ.
1231 1665 1300 1743 Sed
1323 1665 1384 1740 Dii
1398 1667 1553 1746 meliora.
1603 1668 1726 1744 Potius
1744 1675 1859 1766 Ripoi
1884 1674 1920 1750 se

707 1773 801 1848 situs
819 1771 877 1845 est.
927 1764 1056 1842 incidit
1084 1766 1121 1838 in
1138 1762 1275 1854 μανίαν,
1306 1761 1400 1836 unde
1424 1765 1584 1838 cosioeffit
1609 1763 1693 1840 fato.
1720 1765 1805 1864 (4)
1878 1793 1920 1845 ec

720 1871 846 1944 dubito
870 1863 969 1948 fore,
1003 1862 1086 1956 quin
1112 1861 1150 1936 &
1174 1861 1234 1935 iste
1252 1860 1461 1955 quandoque
1486 1857 1639 1936 similiter
1658 1859 1845 1939 afficiatur:
1871 1868 1921 1940 est

719 1967 813 2044 enim
842 1957 934 2042 Φύηι
961 1958 1166 2051 petivimus,
1199 1954 1587 2053 conciliaveratqueeos
1611 1956 1828 2046 spureissime.
1854 1961 1923 2038 sed

720 2062 808 2160 quid
831 2083 898 2156 ego
921 2062 998 2132 haec
1025 2055 1061 2128 in
1089 2052 1196 2127 sunum
1220 2073 1319 2164 tuum
1339 2047 1510 2136 effundo,
1543 2057 1840 2224 ggtgravioribus
1863 2083 1925 2136 ne.

748 2159 828 2234 otiis
850 2173 1065 2250 occupatus,
1089 2151 1183 2230 haud
1205 2169 1318 2223 otium
1338 2147 1447 2224 habes
1464 2147 1550 2246 huju
1599 2153 1661 2227 odi
1678 2151 1922 2232 auscultandie

721 2181 775 2330 {lt
799 2248 935 2350 possum
957 2249 1078 2343 paucis
1100 2264 1136 2319 te
1159 2243 1360 2331 absolvere,
1383 2242 1625 2342 srstmpliciter
1647 2250 1780 2338 dicam,
1806 2253 1923 2326 multis

721 2373 779 2424 me
801 2345 907 2423 causis
926 2347 1075 2428 moveri,
1099 2361 1139 2416 ut
1154 2341 1341 2416 editionem
1359 2363 1526 2436 premam.
1559 2340 1620 2416 Ne
1636 2364 1753 2419 tamen
1768 2345 1833 2421 tibi
1848 2371 1923 2422 om·

722 2468 804 2520 nem
827 2443 922 2542 spem
945 2439 1046 2535 hujus
1070 2441 1120 2513 rei
1143 2438 1356 2536 praecidam,
1389 2439 1446 2512 hae
1471 2461 1527 2512 me
1555 2441 1704 2514 rationes
1725 2442 1775 2516 ita
1805 2465 1925 2516 move·

722 2543 832 2626 bunt,
856 2537 881 2612 st
904 2561 942 2622 tu
966 2559 1022 2610 eas
1045 2534 1307 2632 approbaveris.
1356 2530 1526 2627 Alioquin
1545 2532 1638 2606 dabo
1662 2555 1803 2623 manus,
1828 2535 1867 2611 dt
1884 2537 1925 2610 fi-

726 2660 806 2714 nam
825 2634 959 2734 aliquid
974 2633 1090 2708 exire:
1116 2632 1215 2730 quale
1228 2627 1277 2702 est
1291 2626 1335 2700 de
1353 2629 1528 2702 Verborum
1546 2629 1793 2726 obligationibus.
1818 2631 1924 2709 Nosti

1835 2732 1930 2808 enim

768 2913 832 3002 (3)
856 2911 963 3000 Ripa]
988 2911 1136 3008 Joannes
1152 2904 1352 2974 Franciscus
1368 2903 1398 2973 i.
1418 2903 1684 2991 Iurisconsultus
1695 2909 1798 2996 primi
1815 2913 1926 2981 nomi·

730 2999 792 3068 nis.
832 2998 876 3065 V.
900 2996 942 3064 ad
962 3011 1070 3062 vitam
1092 2993 1170 3060 eod.
1193 2991 1238 3058 N.
1260 2991 1355 3059 XVI.
1377 2989 1420 3056 ad
1440 3008 1472 3070 5.
1494 3009 1530 3074 p.
1550 3008 1604 3074 72·

773 3079 833 3168 (4)
857 3079 943 3148 Unde
969 3099 1048 3144 conce
1072 3092 1095 3141 rt
1121 3073 1217 3162 foto]
1249 3073 1355 3142 Anno
1382 3090 1507 3170 nempe
1539 3089 1633 3162 1534.
1661 3075 1787 3159 Mortis
1841 3097 1926 3148 enus

729 3169 926 3235 irroratum
957 3161 1024 3230 suit
1075 3157 1224 3262 adtentus.
1264 3157 1336 3225 Hic
1363 3155 1462 3258 discis
1484 3175 1564 3258 eum
1590 3175 1767 3228 amentem
1797 3097 1928 3231 ogiisse.

730 3240 1309 3416 tridipsssssnS‘ii‘s'iisassirss
1324 3241 1415 3424 isid
1429 3240 1927 3424 diiii‘esssfisiiidiisii

734 3413 1023 3483 aestuamus
1051 3409 1143 3495 Ripa.
1163 3409 1201 3492 J.
1225 3407 1262 3475 C.
1280 3416 1371 3492 prims
1397 3413 1524 3474 nomines
1534 3409 1670 3492 senatori
1681 3455 1691 3490 ‚
1712 3412 1815 3488 Dux,
1841 3414 1929 3484 Corn,

735 3499 840 3568 Pauor.
859 3497 977 3564 Heima
1001 3492 1131 3562 Gemma
1146 3509 1245 3567 uxor,
1267 3491 1301 3560 o'
1324 3489 1384 3559 VI.
1405 3490 1501 3558 liberi.

995 3657 1101 3736 Hom,
1123 3656 1263 3742 hospes,
1283 3671 1384 3744 potes
1405 3657 1570 3728 aestimare
1593 3657 1693 3741 saxo,

995 3762 1149 3834 Humani
1172 3760 1255 3828 nisdl
1270 3763 1334 3832 effe
1352 3779 1423 3831 nou
1437 3759 1619 3829 caducum.

718 3939 776 4009 'st
796 3934 878 4020 quid
895 3929 1058 4000 restorem
1076 3926 1239 4005 offendit,
1263 3939 1323 3994 aut
1337 3939 1434 3995 certe
1451 3943 1645 3996 remoratur
1668 3927 1704 3996 in
1732 3933 1798 4000 hac
1813 3931 1930 4003 inscri-

766 4022 877 4094 tionc,
899 4015 984 4082 sciat
1001 4012 1093 4096 apud
1109 4011 1291 4077 sororium
1305 4011 1428 4079 vitiosa
1448 4012 1513 4080 esse
1533 4015 1769 4094 multavalde,
1788 4035 1866 4101 quae
1886 4039 1932 4088 ne

789 4103 889 4184 dipus
905 4096 1042 4182 quidem
1054 4096 1198 4162 divinet.
1231 4095 1300 4162 Sed
1320 4111 1423 4173 ecce,
1444 4111 1678 4180 opportunum
1691 4100 1822 4166 accidit
1859 4105 1929 4171 uod

740 4185 833 4272 apud
848 4183 996 4249 amicum
1010 4177 1102 4248 sorte
1113 4177 1254 4244 fortuna
1267 4177 1400 4262 inspexi
1415 4179 1606 4248 editionem
1625 4181 1814 4264 auni1625.
1876 4198 1932 4251 tor

736 4285 865 4352 nempe
879 4265 1032 4333 editione
1046 4261 1282 4330 anni1608.1n
1309 4262 1367 4328 illa
1382 4263 1487 4349 igitur
1507 4265 1572 4332 ita:
1595 4263 1731 4332 straton·
1744 4263 1827 4331 Duc.
1843 4267 1930 4336 Com.

738 4350 891 4419 Psintino.
933 4345 1041 4432 Quod
1060 4344 1130 4413 eit:
1158 4342 1295 4411 tantors
1323 4345 1461 4423 Durati,
1488 4345 1771 4415 conterendum.
1812 4347 1932 4418 Fuerit
2014 4389 2016 4394 ·
2161 4333 2170 4352 ⁸

1441 4429 1516 4518 <a
