4612 5850
367 572 375 594 ’
521 633 734 736 must.
758 625 1068 732 *munuum
1094 661 1162 728 m
1189 633 1524 739 urvuusos.
1554 641 1638 762 395

283 914 285 918 .
436 837 583 940 scopum
601 827 754 920 naerens,
779 828 839 906 seu
854 832 970 907 thema
992 829 1094 928 pravi
1117 829 1315 930 dogmatis,
1339 829 1398 908 sed
1428 835 1543 932 aliqua
1565 833 1638 911 for:

353 1005 359 1016 .
435 934 550 1011 san'in
567 931 686 1008 medio
703 931 870 1013 orationis
895 927 996 1008 cursu
1011 927 1191 1016 incidunt,
1213 927 1370 1006 haeresim
1393 951 1455 1006 aut
1475 933 1637 1030 impieta.
1760 967 1800 1026 ἦ

435 1052 507 1108 tem
530 1029 741 1128 spectantia,
765 1025 920 1102 servetur
939 1024 999 1114 id,
1024 1027 1119 1124 quod
1139 1025 1244 1100 habet
1261 1029 1383 1124 regula
1397 1029 1526 1124 ,octava
1542 1028 1635 1121 Indi-

434 1131 486 1207 cis
508 1125 657 1226 praefati.
708 1127 761 1200 Dr
778 1139 931 1198 certorum
955 1124 1114 1212 aratrum
1141 1124 1228 1198 libris
1252 1125 1427 1218 prohibitis.
1476 1125 1551 1202 Cur
1576 1149 1635 1201 au·

432 1248 505 1303 tem
529 1227 565 1298 in
584 1221 800 1298 alio'Indice
820 1219 1022 1298 censeantur
1046 1216 1169 1294 vetitae
1193 1215 1352 1295 lectionis
1383 1217 1450 1296 effe
1479 1221 1532 1296 Im
1561 1227 1636 1298 eia·

431 1341 550 1398 torum
569 1318 607 1395 δι
627 1316 803 1394 Caesarum
816 1317 933 1410 Vitae‚
957 1315 1036 1392 satit
1055 1313 1217 1415 equidem
1232 1338 1305 1392 non
1323 1315 1487 1414 ass'equor.
1579 1343 1634 1394 am

433 1417 461 1492 fi
484 1419 524 1492 id
538 1415 689 1513 contigit
704 1417 752 1493 ob
768 1415 929 1513 improba
944 1415 1104 1510 quaedam
1121 1412 1376 1510 Imperatorum
1396 1417 1455 1490 vel
1473 1411 1567 1490 dicta
1576 1421 1635 1492 vel

431 1513 523 1590 uua
533 1562 547 1602 ‚
571 1537 635 1592 cur
650 1536 721 1587 non
739 1533 759 1587 e
777 1511 917 1588 diverso
933 1509 1106 1608 respectet
1125 1511 1275 1586 habetur
1293 1509 1338 1583 ad
1349 1513 1536 1586 multorum
1554 1509 1635 1588 Cae-

332 1649 338 1658 ·
431 1611 544 1687 sarum
562 1615 737 1725 nunquam
758 1608 839 1686 satia
857 1609 1013 1685 laudatas
1029 1609 1199 1696 virtutes,
1226 1606 1264 1682 δι
1280 1631 1337 1682 eas
1362 1606 1504 1704 quidem
1522 1612 1635 1684 imita·

431 1710 531 1784 tione
560 1707 788 1806 drgmffimar:
814 1709 878 1804 qui
904 1704 977 1780 non
1005 1700 1116 1779 solim
1138 1704 1278 1797 verbis,
1315 1701 1374 1780 sed
1401 1707 1503 1780 rebus
1528 1705 1633 1803 ipfis,
1760 1731 1767 1748 ·
1824 1779 1857 1818 Ι,
1917 1785 1920 1792 ⁴

431 1803 730 1882 Christianiffimos
745 1802 780 1877 se
803 1801 928 1893 fuiffe,
946 1798 1148 1900 nouosque
1162 1803 1302 1898 pietatis
1320 1803 1492 1891 cultores,
1517 1805 1632 1900 palam

429 1903 631 1978 evincunt?
649 1901 750 1996 Quot
769 1903 942 1975 malorum
957 1899 1216 1996 impiorumque
1231 1921 1373 1996 regum,
1398 1900 1633 1978 achominum
1688 1985 1690 1990 ,
1805 1963 1810 1978 ,

429 1998 568 2095 peffima
583 1998 742 2093 exempla
755 1995 859 2071 Libri
876 1997 1017 2072 bibliaci
1032 1995 1216 2093 produnt?
1241 1993 1291 2069 Et
1305 2017 1422 2070 tamen
1438 1997 1486 2071 ob
1503 1998 1541 2072 id
1552 1999 1634 2076 illoc·

429 2091 578 2192 explofit
596 2116 712 2168 nemo.
761 2091 899 2168 sivero
914 2091 950 2166 id
969 2091 1098 2167 fastum
1123 2089 1195 2176 est,
1246 2091 1319 2167 nod
1351 2095 1409 2166 vel
1441 2092 1633 2190 Imperato-

431 2214 504 2276 res,
528 2191 589 2265 vel
603 2211 726 2265 eornm
741 2189 826 2262 vitae
851 2187 1100 2285 descriptores,
1125 2213 1196 2262 non
1220 2115 1358 2288 {nuper
1379 2189 1534 2266 steterint
1563 2216 1631 2290 pro

431 2285 601 2386 dignitate
615 2309 635 2360 a
650 2283 777 2368 Clero,
803 2307 970 2370 eorumve
988 2283 1324 2370 Constitutionibus,
1346 2284 1418 2380 jam
1430 2311 1555 2384 magna
1569 2315 1633 2366 vo·

429 2385 600 2458 luminum
624 2379 935 2457 ‘ureconsultornm
957 2404 1040 2479 part
1075 2381 1251 2470 exulabit:
1276 2383 1387 2478 praeci
1413 2383 1459 2458 ιιὲ
1492 2385 1637 2480 Jmnrtr

431 2479 529 2556 Petri
550 2481 587 2555 dr
607 2407 787 2590 Senarus?
811 2479 908 2591 Cyrri,
935 2479 1049 2565 Bardi,
1076 2477 1115 2553 δι
1135 2479 1267 2591 Argoi
1284 2405 1447 2588 ΡινιιιιΡιιὶι
1471 2477 1632 2580 &apud

431 2574 637 2653 Canonistas
649 2575 800 2653 Abbaus
812 2575 941 2664 Siculi,
965 2572 1086 2672 postea
1100 2573 1367 2670 Archteptscopr
1375 2575 1632 2663 panormitani:
1667 2628 1671 2646 r

429 2676 492 2771 qui
504 2671 649 2748 liberius
669 2671 714 2745 de
741 2675 795 2748 hia
821 2693 1074 2768 nonnunquam
1091 2673 1229 2758 iocati,
1254 2693 1433 2768 nunquam
1452 2691 1566 2748 tamen
1583 2677 1633 2750 ob

428 2771 467 2846 id
484 2769 703 2848 exterminati
716 2764 830 2843 fuere.
879 2769 917 2842 Si
944 2767 1096 2864 denique
1118 2769 1188 2842 hoc
1214 2768 1329 2842 evenit
1348 2768 1530 2847 abolendae
1547 2793 1632 2846 cort·

429 2867 631 2943 certationis
649 2861 755 2956 ergo,
781 2885 862 2956 qnae
890 2861 958 2934 fuit
976 2865 1067 2936 inter
1089 2861 1331 2938 Sacerdotium
1358 2865 1397 2938 &
1421 2863 1632 2962 Inperium,

429 2959 672 3058 profectores
697 2981 738 3032 ea
763 2978 835 3031 tam
858 2959 1050 3036 multorum
1074 2955 1194 3042 libris,
1230 2960 1335 3034 etiam
1361 2959 1536 3038 historiam
1560 2987 1632 3040 non

431 3055 657 3132 scribentium
672 3051 892 3152 vulgattest,
919 3072 958 3129 ut
971 3055 1033 3128 vix
1044 3076 1198 3148 unquam
1214 3055 1387 3150 antiquari
1399 3049 1496 3154 poffe
1513 3057 1632 3138 videa·

433 3175 492 3230 tur
508 3153 600 3227 iliius
623 3151 811 3228 memoria:
836 3173 1047 3249 quamquam
1070 3150 1131 3226 hic
1155 3173 1281 3246 parum
1303 3151 1462 3228 videatur
1486 3152 1554 3231 effe
1569 3180 1633 3254 pe·

432 3250 553 3339 rituli,
578 3250 726 3323 invento
743 3268 867 3324 contra
885 3251 979 3322 hunc
1002 3246 1166 3324 morbum
1189 3249 1383 3327 antidoto*
1410 3249 1506 3326 Nam
1533 3255 1632 3330 Mar·

422 3343 495 3442 filio
518 3346 569 3423 illi
590 3345 748 3420 Patauino
774 3343 851 3443 (a)
875 3347 937 3443 qui
959 3345 996 3418 in
1031 3341 1101 3420 hoc
1122 3346 1318 3442 argumenti
1340 3371 1466 3444 genere
1483 3371 1549 3447 pro
1563 3347 1632 3424 Irn-

459 3443 534 3519 erio
555 3463 678 3519 contra
701 3441 943 3518 Sacerdotium
959 3438 1049 3515 mire
1072 3439 1136 3517 srbi
1159 3444 1299 3538 placet,
1324 3447 1463 3522 abunde
1490 3446 1633 3547 respon·

431 3465 507 3612 Em
520 3539 569 3614 est
585 3561 652 3637 per
668 3537 907 3616 orthodoxos:
930 3535 1123 3636 praesertim
1140 3537 1245 3616 acute
1270 3561 1335 3638 per
1357 3539 1548 3618 Dominum
1569 3548 1633 3620 At·

1428 3715 1431 3722 ,
1511 3643 1634 3715 herrant

476 3843 543 3929 (a)
562 3841 703 3928 Marssiio
724 3841 773 3910 rur
793 3842 972 3930 Patauino]
1007 3843 1148 3932 Scripsit
1169 3845 1294 3914 librum
1317 3847 1374 3914 cui
1403 3844 1544 3913 titulus:
1566 3795 1642 3914 Dr.-¹

424 3927 658 4026 frustratur,
680 3925 760 4011 fior
774 3925 809 3994 dr
823 3927 966 4078 portrsiatr
985 3927 1080 4016 Papa
1099 3929 1518 4082 {tdcglmpstelrgtogrssigrfoli‘iett
1527 3944 1634 4098 iffi·

430 4011 1122 4180 iarrrruuizarrurur
1282 4115 1341 4184 tr
1357 4033 1633 4196 aarum

434 4182 558 4254 ottavo
582 4184 677 4260 1613.
716 4179 823 4332 Aipffl
851 4179 1054 4249 Goldrsturn
1122 4183 1264 4250 onarch.
1295 4181 1331 4250 S.
1363 4181 1463 4250 Rom.
1492 4183 1635 4268 imperii

433 4282 517 4350 tom.
545 4283 577 4334 n.
595 4265 632 4332 in
653 4262 715 4331 fol.
763 4263 894 4334 raucos.
926 4269 1021 4352 1614.
1040 4264 1081 4334 δι
1100 4271 1195 4334 1621.
1224 4265 1329 4334 htbet
1348 4266 1485 4351 Marssh'r'
1497 4266 1635 4334 'Meuan-

435 4351 515 4436 drr'rtt'
535 4347 686 4416 Patavini
705 4351 870 4414 tractatum
898 4347 933 4414 dr
956 4350 1149 4434 trottflotr'orre
1169 4349 1216 4415 Im
1238 4355 1303 4418 etii.
1344 4349 1453 4420 Porro
1474 4349 1646 4436 Marfiit'ur·

437 4432 473 4514 tir
492 4429 600 4528 Poura
620 4433 657 4500 in
678 4429 801 4500 Indice
819 4431 975 4504 Routano
991 4431 1131 4514 relatui,
1148 4429 1197 4502 est
1256 4447 1310 4508 ter
1327 4435 1498 4510 Antiates
1518 4435 1636 4522 prohi-

437 4515 529 4583 bitos
547 4523 668 4600 prtmae
687 4515 802 4587 classit.
1023 4599 1129 4682 Ddd
1346 4564 1351 4576 .
