<?xml version="1.0" encoding="UTF-8"?>
<!DOCTYPE html PUBLIC "-//W3C//DTD XHTML 1.0 Transitional//EN"
    "http://www.w3.org/TR/xhtml1/DTD/xhtml1-transitional.dtd">
<html xmlns="http://www.w3.org/1999/xhtml" xml:lang="en" lang="en">
 <head>
  <title>
</title>
<meta http-equiv="Content-Type" content="text/html;charset=utf-8" />
  <meta name='ocr-system' content='tesseract 3.04.00' />
  <meta name='ocr-capabilities' content='ocr_page ocr_carea ocr_par ocr_line ocrx_word'/>
</head>
<body>
  <div class='ocr_page' id='page_1' title='image "./vitavigliiabayt00ayttgoog_0105.png"; bbox 0 0 4680 5828; ppageno 0'>
   <div class='ocr_carea' id='block_1_1' title="bbox 673 589 1804 776">
    <p class='ocr_par' dir='ltr' id='par_1_1' title="bbox 673 589 1804 776">
     <span class='ocr_line' id='line_1_1' title="bbox 673 589 1804 776; baseline 0.001 -42"><span class='ocrx_word' id='word_1_1' title='bbox 673 672 729 758; x_wconf 81' lang='lat'>30</span> <span class='ocrx_word' id='word_1_2' title='bbox 784 589 1804 776; x_wconf 70' lang='lat' dir='ltr'>vtotrrntnutnazu1crtem1</span> 
     </span>
    </p>
   </div>
   <div class='ocr_carea' id='block_1_2' title="bbox 673 831 1890 3613">
    <p class='ocr_par' dir='ltr' id='par_1_2' title="bbox 673 831 1890 3613">
     <span class='ocr_line' id='line_1_2' title="bbox 673 831 1866 927; baseline -0.003 -10"><span class='ocrx_word' id='word_1_3' title='bbox 673 837 898 924; x_wconf 88' lang='lat' dir='ltr'>eruditionis,</span> <span class='ocrx_word' id='word_1_4' title='bbox 923 831 969 906; x_wconf 86' lang='lat' dir='ltr'>stc</span> <span class='ocrx_word' id='word_1_5' title='bbox 995 832 1214 910; x_wconf 85' lang='lat' dir='ltr'>humanitatis</span> <span class='ocrx_word' id='word_1_6' title='bbox 1231 850 1301 906; x_wconf 79' lang='lat' dir='ltr'>tuae</span> <span class='ocrx_word' id='word_1_7' title='bbox 1322 855 1461 918; x_wconf 87' lang='lat' dir='ltr'>amore,</span> <span class='ocrx_word' id='word_1_8' title='bbox 1488 835 1738 927; x_wconf 80' lang='lat' dir='ltr'>admiratione,</span> <span class='ocrx_word' id='word_1_9' title='bbox 1762 861 1866 914; x_wconf 84' lang='lat' dir='ltr'>aemu·</span> 
     </span>
     <span class='ocr_line' id='line_1_3' title="bbox 673 927 1867 1029; baseline 0 -20"><span class='ocrx_word' id='word_1_10' title='bbox 673 938 804 1010; x_wconf 89' lang='lat' dir='ltr'>latione</span> <span class='ocrx_word' id='word_1_11' title='bbox 823 932 875 1006; x_wconf 89' lang='lat' dir='ltr'>fui</span> <span class='ocrx_word' id='word_1_12' title='bbox 899 927 1150 1014; x_wconf 85' lang='lat' dir='ltr'>inflammatus,</span> <span class='ocrx_word' id='word_1_13' title='bbox 1174 950 1249 1002; x_wconf 88' lang='lat' dir='ltr'>uta</span> <span class='ocrx_word' id='word_1_14' title='bbox 1275 929 1383 1002; x_wconf 88' lang='lat' dir='ltr'>latere</span> <span class='ocrx_word' id='word_1_15' title='bbox 1408 950 1470 1003; x_wconf 92' lang='lat' dir='ltr'>tuo</span> <span class='ocrx_word' id='word_1_16' title='bbox 1493 932 1668 1008; x_wconf 87' lang='lat' dir='ltr'>discedere</span> <span class='ocrx_word' id='word_1_17' title='bbox 1692 959 1867 1029; x_wconf 88' lang='lat' dir='ltr'>nunquam</span> 
     </span>
     <span class='ocr_line' id='line_1_4' title="bbox 675 1025 1869 1129; baseline -0.003 -22"><span class='ocrx_word' id='word_1_18' title='bbox 675 1032 864 1129; x_wconf 89' lang='lat' dir='ltr'>potuerim.</span> <span class='ocrx_word' id='word_1_19' title='bbox 913 1025 1050 1100; x_wconf 86' lang='lat' dir='ltr'><strong>Tecum</strong></span> <span class='ocrx_word' id='word_1_20' title='bbox 1069 1029 1161 1099; x_wconf 90' lang='lat' dir='ltr'>enim</span> <span class='ocrx_word' id='word_1_21' title='bbox 1182 1026 1307 1120; x_wconf 85' lang='lat' dir='ltr'>longos</span> <span class='ocrx_word' id='word_1_22' title='bbox 1325 1029 1464 1099; x_wconf 89' lang='lat' dir='ltr'>memini</span> <span class='ocrx_word' id='word_1_23' title='bbox 1481 1029 1680 1105; x_wconf 87' lang='lat' dir='ltr'>consumere</span> <span class='ocrx_word' id='word_1_24' title='bbox 1703 1029 1812 1114; x_wconf 85' lang='lat' dir='ltr'>soles,</span> <span class='ocrx_word' id='word_1_25' title='bbox 1832 1033 1869 1104; x_wconf 78' lang='grc' dir='ltr'>δι</span> 
     </span>
     <span class='ocr_line' id='line_1_5' title="bbox 677 1124 1870 1221; baseline -0.003 -19"><span class='ocrx_word' id='word_1_26' title='bbox 677 1149 795 1203; x_wconf 89' lang='lat' dir='ltr'>tecum</span> <span class='ocrx_word' id='word_1_27' title='bbox 826 1125 954 1221; x_wconf 87' lang='lat' dir='ltr'>primas</span> <span class='ocrx_word' id='word_1_28' title='bbox 985 1124 1095 1218; x_wconf 90' lang='lat' dir='ltr'>epulis</span> <span class='ocrx_word' id='word_1_29' title='bbox 1133 1124 1324 1218; x_wconf 87' lang='lat' dir='ltr'>decerpere</span> <span class='ocrx_word' id='word_1_30' title='bbox 1355 1125 1485 1197; x_wconf 75' lang='lat' dir='ltr'>nostes.</span> <span class='ocrx_word' id='word_1_31' title='bbox 1536 1124 1597 1198; x_wconf 89' lang='lat' dir='ltr'>Tu</span> <span class='ocrx_word' id='word_1_32' title='bbox 1628 1125 1870 1202; x_wconf 84' lang='lat' dir='ltr'>adolescentiae</span> 
     </span>
     <span class='ocr_line' id='line_1_6' title="bbox 680 1217 1871 1315; baseline -0.001 -18"><span class='ocrx_word' id='word_1_33' title='bbox 680 1246 766 1297; x_wconf 85' lang='lat' dir='ltr'>meae</span> <span class='ocrx_word' id='word_1_34' title='bbox 788 1222 982 1304; x_wconf 90' lang='lat' dir='ltr'>lubricum,</span> <span class='ocrx_word' id='word_1_35' title='bbox 1006 1219 1117 1290; x_wconf 85' lang='lat' dir='ltr'>aetatis</span> <span class='ocrx_word' id='word_1_36' title='bbox 1146 1237 1217 1290; x_wconf 85' lang='lat' dir='ltr'>tuae</span> <span class='ocrx_word' id='word_1_37' title='bbox 1241 1217 1437 1290; x_wconf 88' lang='lat' dir='ltr'>maturitate</span> <span class='ocrx_word' id='word_1_38' title='bbox 1462 1219 1690 1315; x_wconf 85' lang='lat' dir='ltr'>temperabas.</span> <span class='ocrx_word' id='word_1_39' title='bbox 1740 1223 1801 1295; x_wconf 85' lang='lat' dir='ltr'>Tu</span> <span class='ocrx_word' id='word_1_40' title='bbox 1825 1223 1871 1296; x_wconf 91' lang='lat' dir='ltr'>ad</span> 
     </span>
     <span class='ocr_line' id='line_1_7' title="bbox 680 1311 1872 1394; baseline -0.001 -2"><span class='ocrx_word' id='word_1_41' title='bbox 680 1318 871 1392; x_wconf 85' lang='lat' dir='ltr'>studiorum</span> <span class='ocrx_word' id='word_1_42' title='bbox 888 1315 1004 1388; x_wconf 90' lang='lat' dir='ltr'>debita</span> <span class='ocrx_word' id='word_1_43' title='bbox 1029 1311 1142 1384; x_wconf 91' lang='lat' dir='ltr'>munia</span> <span class='ocrx_word' id='word_1_44' title='bbox 1165 1311 1283 1394; x_wconf 87' lang='lat' dir='ltr'>sedulo</span> <span class='ocrx_word' id='word_1_45' title='bbox 1318 1312 1481 1388; x_wconf 88' lang='lat' dir='ltr'>obeunda</span> <span class='ocrx_word' id='word_1_46' title='bbox 1510 1315 1761 1394; x_wconf 83' lang='lat' dir='ltr'>cohortabaris.</span> <span class='ocrx_word' id='word_1_47' title='bbox 1809 1317 1872 1391; x_wconf 89' lang='lat' dir='ltr'>Tu</span> 
     </span>
     <span class='ocr_line' id='line_1_8' title="bbox 683 1405 1872 1508; baseline -0.002 -20"><span class='ocrx_word' id='word_1_48' title='bbox 683 1412 952 1491; x_wconf 76' lang='lat' dir='ltr'>dottiffimorum</span> <span class='ocrx_word' id='word_1_49' title='bbox 971 1405 1345 1502; x_wconf 83' lang='lat' dir='ltr'>bonestiffimorumque</span> <span class='ocrx_word' id='word_1_50' title='bbox 1362 1410 1542 1484; x_wconf 89' lang='lat' dir='ltr'>hominum</span> <span class='ocrx_word' id='word_1_51' title='bbox 1561 1414 1706 1508; x_wconf 83' lang='lat' dir='ltr'>gratiam</span> <span class='ocrx_word' id='word_1_52' title='bbox 1718 1414 1756 1488; x_wconf 76' lang='lat' dir='ltr'>dr</span> <span class='ocrx_word' id='word_1_53' title='bbox 1774 1410 1872 1487; x_wconf 83' lang='lat' dir='ltr'>sami·</span> 
     </span>
     <span class='ocr_line' id='line_1_9' title="bbox 681 1502 1872 1602; baseline -0.001 -18"><span class='ocrx_word' id='word_1_54' title='bbox 681 1511 864 1584; x_wconf 89' lang='lat' dir='ltr'>liaritatem</span> <span class='ocrx_word' id='word_1_55' title='bbox 883 1508 968 1579; x_wconf 92' lang='lat' dir='ltr'>mibi</span> <span class='ocrx_word' id='word_1_56' title='bbox 986 1503 1206 1580; x_wconf 75' lang='lat' dir='ltr'>conciliabat.</span> <span class='ocrx_word' id='word_1_57' title='bbox 1256 1502 1338 1578; x_wconf 89' lang='lat' dir='ltr'>Nec</span> <span class='ocrx_word' id='word_1_58' title='bbox 1354 1508 1435 1601; x_wconf 85' lang='lat' dir='ltr'>plus</span> <span class='ocrx_word' id='word_1_59' title='bbox 1452 1510 1569 1602; x_wconf 92' lang='lat' dir='ltr'>potuit</span> <span class='ocrx_word' id='word_1_60' title='bbox 1595 1506 1721 1583; x_wconf 87' lang='lat' dir='ltr'>debere</span> <span class='ocrx_word' id='word_1_61' title='bbox 1739 1509 1872 1583; x_wconf 78' lang='lat' dir='ltr'>Conutr</span> 
     </span>
     <span class='ocr_line' id='line_1_10' title="bbox 683 1599 1873 1700; baseline 0 -22"><span class='ocrx_word' id='word_1_62' title='bbox 683 1603 814 1698; x_wconf 82' lang='lat' dir='ltr'>Perſsus</span> <span class='ocrx_word' id='word_1_63' title='bbox 840 1600 912 1697; x_wconf 83' lang='lat' dir='ltr'>(a)</span> <span class='ocrx_word' id='word_1_64' title='bbox 939 1601 999 1696; x_wconf 92' lang='lat' dir='ltr'>qui</span> <span class='ocrx_word' id='word_1_65' title='bbox 1018 1621 1132 1674; x_wconf 89' lang='lat' dir='ltr'>tamen</span> <span class='ocrx_word' id='word_1_66' title='bbox 1148 1599 1192 1671; x_wconf 90' lang='lat' dir='ltr'>ad</span> <span class='ocrx_word' id='word_1_67' title='bbox 1216 1603 1478 1695; x_wconf 87' lang='lat' dir='ltr'>exprimendam</span> <span class='ocrx_word' id='word_1_68' title='bbox 1505 1626 1585 1700; x_wconf 86' lang='lat' dir='ltr'>erga</span> <span class='ocrx_word' id='word_1_69' title='bbox 1611 1626 1873 1700; x_wconf 70' lang='lat' dir='ltr'>preceptorem</span> 
     </span>
     <span class='ocr_line' id='line_1_11' title="bbox 683 1691 1875 1792; baseline -0.003 -16"><span class='ocrx_word' id='word_1_70' title='bbox 683 1699 903 1776; x_wconf 78' lang='lat' dir='ltr'>affestionem</span> <span class='ocrx_word' id='word_1_71' title='bbox 923 1717 1061 1771; x_wconf 91' lang='lat' dir='ltr'>centum</span> <span class='ocrx_word' id='word_1_72' title='bbox 1085 1717 1146 1768; x_wconf 87' lang='lat' dir='ltr'>ora</span> <span class='ocrx_word' id='word_1_73' title='bbox 1166 1691 1203 1766; x_wconf 74' lang='lat' dir='ltr'>ut</span> <span class='ocrx_word' id='word_1_74' title='bbox 1223 1695 1359 1790; x_wconf 84' lang='lat' dir='ltr'>linguas</span> <span class='ocrx_word' id='word_1_75' title='bbox 1379 1697 1526 1792; x_wconf 88' lang='lat' dir='ltr'>optabat</span> <span class='ocrx_word' id='word_1_76' title='bbox 1552 1701 1588 1769; x_wconf 94' lang='lat' dir='ltr'>in</span> <span class='ocrx_word' id='word_1_77' title='bbox 1613 1701 1764 1775; x_wconf 86' lang='lat' dir='ltr'>carmina</span> <span class='ocrx_word' id='word_1_78' title='bbox 1792 1724 1875 1774; x_wconf 88' lang='lat' dir='ltr'>cen·</span> 
     </span>
     <span class='ocr_line' id='line_1_12' title="bbox 685 1788 1875 1892; baseline 0.004 -27"><span class='ocrx_word' id='word_1_79' title='bbox 685 1817 781 1879; x_wconf 88' lang='lat' dir='ltr'>tum,</span> <span class='ocrx_word' id='word_1_80' title='bbox 818 1791 921 1892; x_wconf 71' lang='lat' dir='ltr'>quim</span> <span class='ocrx_word' id='word_1_81' title='bbox 954 1791 1079 1882; x_wconf 86' lang='lat' dir='ltr'>Rupilio</span> <span class='ocrx_word' id='word_1_82' title='bbox 1117 1788 1180 1862; x_wconf 90' lang='lat' dir='ltr'>suo</span> <span class='ocrx_word' id='word_1_83' title='bbox 1210 1791 1332 1885; x_wconf 84' lang='lat' dir='ltr'>Viglius</span> <span class='ocrx_word' id='word_1_84' title='bbox 1365 1791 1492 1867; x_wconf 91' lang='lat' dir='ltr'>debere</span> <span class='ocrx_word' id='word_1_85' title='bbox 1519 1792 1679 1867; x_wconf 91' lang='lat' dir='ltr'>lubenter</span> <span class='ocrx_word' id='word_1_86' title='bbox 1708 1795 1875 1890; x_wconf 84' lang='lat' dir='ltr'>agnoscit.</span> 
     </span>
     <span class='ocr_line' id='line_1_13' title="bbox 684 1885 1878 1983; baseline -0.003 -15"><span class='ocrx_word' id='word_1_87' title='bbox 684 1893 810 1968; x_wconf 88' lang='lat' dir='ltr'>Solent</span> <span class='ocrx_word' id='word_1_88' title='bbox 834 1909 949 1963; x_wconf 85' lang='lat' dir='ltr'>autem</span> <span class='ocrx_word' id='word_1_89' title='bbox 971 1885 1030 1980; x_wconf 92' lang='lat' dir='ltr'>qui</span> <span class='ocrx_word' id='word_1_90' title='bbox 1047 1885 1236 1972; x_wconf 89' lang='lat' dir='ltr'>incendio,</span> <span class='ocrx_word' id='word_1_91' title='bbox 1261 1889 1321 1960; x_wconf 91' lang='lat' dir='ltr'>vel</span> <span class='ocrx_word' id='word_1_92' title='bbox 1343 1887 1551 1983; x_wconf 80' lang='lat' dir='ltr'>naufragio,</span> <span class='ocrx_word' id='word_1_93' title='bbox 1575 1891 1637 1962; x_wconf 92' lang='lat' dir='ltr'>vel</span> <span class='ocrx_word' id='word_1_94' title='bbox 1665 1891 1779 1964; x_wconf 87' lang='lat' dir='ltr'>hostili</span> <span class='ocrx_word' id='word_1_95' title='bbox 1816 1891 1878 1965; x_wconf 86' lang='lat' dir='ltr'>de·</span> 
     </span>
     <span class='ocr_line' id='line_1_14' title="bbox 684 1979 1878 2086; baseline 0 -25"><span class='ocrx_word' id='word_1_96' title='bbox 684 1984 900 2086; x_wconf 77' lang='lat' dir='ltr'>predatione</span> <span class='ocrx_word' id='word_1_97' title='bbox 926 1981 1081 2056; x_wconf 87' lang='lat' dir='ltr'>fortunas</span> <span class='ocrx_word' id='word_1_98' title='bbox 1114 1979 1187 2055; x_wconf 83' lang='lat' dir='ltr'>suas</span> <span class='ocrx_word' id='word_1_99' title='bbox 1218 1981 1431 2074; x_wconf 87' lang='lat' dir='ltr'>amiserunt,</span> <span class='ocrx_word' id='word_1_100' title='bbox 1464 1983 1692 2058; x_wconf 84' lang='lat' dir='ltr'>calamitatem</span> <span class='ocrx_word' id='word_1_101' title='bbox 1721 1987 1878 2081; x_wconf 80' lang='lat' dir='ltr'>querulis</span> 
     </span>
     <span class='ocr_line' id='line_1_15' title="bbox 686 2075 1878 2180; baseline -0.003 -20"><span class='ocrx_word' id='word_1_102' title='bbox 686 2083 851 2180; x_wconf 84' lang='lat' dir='ltr'>lacrymis</span> <span class='ocrx_word' id='word_1_103' title='bbox 870 2078 962 2176; x_wconf 90' lang='lat' dir='ltr'>apud</span> <span class='ocrx_word' id='word_1_104' title='bbox 980 2075 1077 2150; x_wconf 85' lang='lat' dir='ltr'>Deos</span> <span class='ocrx_word' id='word_1_105' title='bbox 1096 2077 1299 2172; x_wconf 73' lang='lat' dir='ltr'>deplorare,</span> <span class='ocrx_word' id='word_1_106' title='bbox 1325 2078 1438 2169; x_wconf 89' lang='lat' dir='ltr'>Quod</span> <span class='ocrx_word' id='word_1_107' title='bbox 1464 2076 1489 2150; x_wconf 83' lang='lat' dir='ltr'>st</span> <span class='ocrx_word' id='word_1_108' title='bbox 1516 2079 1605 2153; x_wconf 88' lang='lat' dir='ltr'>verd</span> <span class='ocrx_word' id='word_1_109' title='bbox 1629 2081 1725 2155; x_wconf 81' lang='lat' dir='ltr'>tanti</span> <span class='ocrx_word' id='word_1_110' title='bbox 1743 2081 1878 2156; x_wconf 77' lang='lat' dir='ltr'>eittitia</span> 
     </span>
     <span class='ocr_line' id='line_1_16' title="bbox 687 2173 1879 2269; baseline -0.003 -13"><span class='ocrx_word' id='word_1_111' title='bbox 687 2183 855 2256; x_wconf 89' lang='lat' dir='ltr'>humanas</span> <span class='ocrx_word' id='word_1_112' title='bbox 875 2173 993 2248; x_wconf 84' lang='lat' dir='ltr'>turbat</span> <span class='ocrx_word' id='word_1_113' title='bbox 1011 2193 1143 2246; x_wconf 90' lang='lat' dir='ltr'>mentes</span> <span class='ocrx_word' id='word_1_114' title='bbox 1159 2193 1280 2245; x_wconf 87' lang='lat' dir='ltr'>eorum</span> <span class='ocrx_word' id='word_1_115' title='bbox 1304 2175 1430 2249; x_wconf 88' lang='lat' dir='ltr'>amillio</span> <span class='ocrx_word' id='word_1_116' title='bbox 1470 2196 1550 2269; x_wconf 88' lang='lat' dir='ltr'>quae</span> <span class='ocrx_word' id='word_1_117' title='bbox 1578 2173 1649 2250; x_wconf 85' lang='lat' dir='ltr'>sola</span> <span class='ocrx_word' id='word_1_118' title='bbox 1672 2175 1762 2252; x_wconf 82' lang='lat' dir='ltr'>facie</span> <span class='ocrx_word' id='word_1_119' title='bbox 1783 2177 1879 2252; x_wconf 84' lang='lat' dir='ltr'>bona</span> 
     </span>
     <span class='ocr_line' id='line_1_17' title="bbox 688 2265 1879 2364; baseline -0.004 -13"><span class='ocrx_word' id='word_1_120' title='bbox 688 2277 792 2351; x_wconf 85' lang='lat' dir='ltr'>nobis</span> <span class='ocrx_word' id='word_1_121' title='bbox 809 2273 992 2357; x_wconf 91' lang='lat' dir='ltr'>videntur,</span> <span class='ocrx_word' id='word_1_122' title='bbox 1018 2271 1055 2344; x_wconf 83' lang='lat' dir='ltr'>dt</span> <span class='ocrx_word' id='word_1_123' title='bbox 1076 2290 1095 2339; x_wconf 87' lang='lat' dir='ltr'>a</span> <span class='ocrx_word' id='word_1_124' title='bbox 1117 2265 1329 2362; x_wconf 86' lang='lat' dir='ltr'>sapientibus</span> <span class='ocrx_word' id='word_1_125' title='bbox 1352 2275 1388 2344; x_wconf 93' lang='lat' dir='ltr'>in</span> <span class='ocrx_word' id='word_1_126' title='bbox 1414 2272 1588 2345; x_wconf 87' lang='lat' dir='ltr'>bonorum</span> <span class='ocrx_word' id='word_1_127' title='bbox 1613 2275 1737 2364; x_wconf 82' lang='lat' dir='ltr'>ordine</span> <span class='ocrx_word' id='word_1_128' title='bbox 1761 2274 1879 2346; x_wconf 92' lang='lat' dir='ltr'>locum</span> 
     </span>
     <span class='ocr_line' id='line_1_18' title="bbox 690 2365 1878 2462; baseline -0.006 -16"><span class='ocrx_word' id='word_1_129' title='bbox 690 2395 762 2446; x_wconf 91' lang='lat' dir='ltr'>non</span> <span class='ocrx_word' id='word_1_130' title='bbox 782 2368 933 2456; x_wconf 65' lang='lat' dir='ltr'>habent,</span> <span class='ocrx_word' id='word_1_131' title='bbox 957 2365 1292 2458; x_wconf 88' lang='lat' dir='ltr'>vides,0pinor,mi</span> <span class='ocrx_word' id='word_1_132' title='bbox 1307 2365 1487 2456; x_wconf 84' lang='lat' dir='ltr'>Francisce,</span> <span class='ocrx_word' id='word_1_133' title='bbox 1499 2368 1601 2462; x_wconf 76' lang='lat' dir='ltr'>quim</span> <span class='ocrx_word' id='word_1_134' title='bbox 1616 2367 1710 2462; x_wconf 76' lang='lat' dir='ltr'>juste</span> <span class='ocrx_word' id='word_1_135' title='bbox 1721 2370 1878 2452; x_wconf 82' lang='lat' dir='ltr'>doleam,</span> 
     </span>
     <span class='ocr_line' id='line_1_19' title="bbox 679 2459 1881 2564; baseline -0.002 -25"><span class='ocrx_word' id='word_1_136' title='bbox 679 2468 753 2564; x_wconf 80' lang='lat' dir='ltr'>‘qui</span> <span class='ocrx_word' id='word_1_137' title='bbox 767 2465 826 2537; x_wconf 89' lang='lat' dir='ltr'>illa</span> <span class='ocrx_word' id='word_1_138' title='bbox 843 2461 955 2548; x_wconf 92' lang='lat' dir='ltr'>bona,</span> <span class='ocrx_word' id='word_1_139' title='bbox 979 2482 1015 2535; x_wconf 93' lang='lat' dir='ltr'>te</span> <span class='ocrx_word' id='word_1_140' title='bbox 1039 2459 1255 2543; x_wconf 86' lang='lat' dir='ltr'>discedente,</span> <span class='ocrx_word' id='word_1_141' title='bbox 1276 2484 1400 2556; x_wconf 86' lang='lat' dir='ltr'>magna</span> <span class='ocrx_word' id='word_1_142' title='bbox 1414 2484 1457 2533; x_wconf 86' lang='lat' dir='ltr'>ex</span> <span class='ocrx_word' id='word_1_143' title='bbox 1478 2483 1577 2554; x_wconf 87' lang='lat' dir='ltr'>parte</span> <span class='ocrx_word' id='word_1_144' title='bbox 1601 2464 1776 2546; x_wconf 87' lang='lat' dir='ltr'>amittam,</span> <span class='ocrx_word' id='word_1_145' title='bbox 1800 2485 1881 2560; x_wconf 81' lang='lat' dir='ltr'>quae</span> 
     </span>
     <span class='ocr_line' id='line_1_20' title="bbox 693 2553 1880 2653; baseline -0.003 -19"><span class='ocrx_word' id='word_1_146' title='bbox 693 2561 794 2653; x_wconf 85' lang='lat' dir='ltr'>Stilpo</span> <span class='ocrx_word' id='word_1_147' title='bbox 804 2557 1036 2651; x_wconf 88' lang='lat' dir='ltr'>Philosophus</span> <span class='ocrx_word' id='word_1_148' title='bbox 1051 2553 1069 2651; x_wconf 89' lang='lat'>(</span> <span class='ocrx_word' id='word_1_149' title='bbox 1081 2553 1126 2650; x_wconf 85' lang='lat'>3)</span> <span class='ocrx_word' id='word_1_150' title='bbox 1144 2555 1291 2648; x_wconf 79' lang='lat' dir='ltr'>Megaris</span> <span class='ocrx_word' id='word_1_151' title='bbox 1314 2580 1335 2629; x_wconf 91' lang='lat' dir='ltr'>a</span> <span class='ocrx_word' id='word_1_152' title='bbox 1358 2557 1537 2640; x_wconf 75' lang='lat' dir='ltr'>Demetrio,</span> <span class='ocrx_word' id='word_1_153' title='bbox 1560 2559 1696 2651; x_wconf 87' lang='lat' dir='ltr'>captis,</span> <span class='ocrx_word' id='word_1_154' title='bbox 1720 2557 1793 2633; x_wconf 87' lang='lat' dir='ltr'>sola</span> <span class='ocrx_word' id='word_1_155' title='bbox 1808 2579 1880 2632; x_wconf 94' lang='lat' dir='ltr'>non</span> 
     </span>
     <span class='ocr_line' id='line_1_21' title="bbox 693 2648 1880 2762; baseline -0.002 -32"><span class='ocrx_word' id='word_1_156' title='bbox 693 2652 843 2762; x_wconf 85' lang='lat' dir='ltr'>potuisse</span> <span class='ocrx_word' id='word_1_157' title='bbox 860 2653 893 2727; x_wconf 90' lang='lat' dir='ltr'>se</span> <span class='ocrx_word' id='word_1_158' title='bbox 908 2654 1057 2749; x_wconf 83' lang='lat' dir='ltr'>perdere</span> <span class='ocrx_word' id='word_1_159' title='bbox 1077 2651 1300 2746; x_wconf 87' lang='lat' dir='ltr'>gloriabatur.</span> <span class='ocrx_word' id='word_1_160' title='bbox 1351 2648 1455 2724; x_wconf 88' lang='lat' dir='ltr'>Verae</span> <span class='ocrx_word' id='word_1_161' title='bbox 1478 2651 1568 2726; x_wconf 92' lang='lat' dir='ltr'>enim</span> <span class='ocrx_word' id='word_1_162' title='bbox 1590 2675 1676 2748; x_wconf 88' lang='lat' dir='ltr'>opes</span> <span class='ocrx_word' id='word_1_163' title='bbox 1703 2653 1780 2730; x_wconf 92' lang='lat' dir='ltr'>sunt</span> <span class='ocrx_word' id='word_1_164' title='bbox 1800 2675 1880 2751; x_wconf 78' lang='lat' dir='ltr'>quae</span> 
     </span>
     <span class='ocr_line' id='line_1_22' title="bbox 694 2745 1881 2844; baseline -0.007 -14"><span class='ocrx_word' id='word_1_165' title='bbox 694 2753 846 2830; x_wconf 86' lang='lat' dir='ltr'>animum</span> <span class='ocrx_word' id='word_1_166' title='bbox 887 2766 1037 2832; x_wconf 90' lang='lat' dir='ltr'>ornant,</span> <span class='ocrx_word' id='word_1_167' title='bbox 1070 2767 1110 2819; x_wconf 91' lang='lat' dir='ltr'>ut</span> <span class='ocrx_word' id='word_1_168' title='bbox 1143 2745 1321 2840; x_wconf 85' lang='lat' dir='ltr'>probitas,</span> <span class='ocrx_word' id='word_1_169' title='bbox 1351 2766 1390 2818; x_wconf 94' lang='lat' dir='ltr'>ut</span> <span class='ocrx_word' id='word_1_170' title='bbox 1425 2746 1609 2837; x_wconf 73' lang='lat' dir='ltr'>dosirina,</span> <span class='ocrx_word' id='word_1_171' title='bbox 1643 2771 1790 2844; x_wconf 89' lang='lat' dir='ltr'>quarum</span> <span class='ocrx_word' id='word_1_172' title='bbox 1825 2771 1881 2823; x_wconf 87' lang='lat' dir='ltr'>me</span> 
     </span>
     <span class='ocr_line' id='line_1_23' title="bbox 694 2837 1884 2940; baseline -0.004 -17"><span class='ocrx_word' id='word_1_173' title='bbox 694 2848 871 2923; x_wconf 88' lang='lat' dir='ltr'>uberrimo</span> <span class='ocrx_word' id='word_1_174' title='bbox 901 2841 1015 2917; x_wconf 69' lang='lat' dir='ltr'>srusiu</span> <span class='ocrx_word' id='word_1_175' title='bbox 1046 2861 1125 2914; x_wconf 89' lang='lat' dir='ltr'>tuus</span> <span class='ocrx_word' id='word_1_176' title='bbox 1155 2843 1270 2933; x_wconf 90' lang='lat' dir='ltr'>privat</span> <span class='ocrx_word' id='word_1_177' title='bbox 1294 2837 1463 2914; x_wconf 85' lang='lat' dir='ltr'>discessus.</span> <span class='ocrx_word' id='word_1_178' title='bbox 1512 2841 1700 2940; x_wconf 89' lang='lat' dir='ltr'>Nunquam</span> <span class='ocrx_word' id='word_1_179' title='bbox 1717 2869 1788 2922; x_wconf 91' lang='lat' dir='ltr'>ate</span> <span class='ocrx_word' id='word_1_180' title='bbox 1811 2847 1884 2920; x_wconf 86' lang='lat' dir='ltr'>abi·</span> 
     </span>
     <span class='ocr_line' id='line_1_24' title="bbox 694 2933 1882 3038; baseline 0.004 -26"><span class='ocrx_word' id='word_1_181' title='bbox 694 2945 800 3029; x_wconf 84' lang='lat' dir='ltr'>bam,</span> <span class='ocrx_word' id='word_1_182' title='bbox 825 2943 910 3038; x_wconf 94' lang='lat' dir='ltr'>quin</span> <span class='ocrx_word' id='word_1_183' title='bbox 943 2935 1074 3034; x_wconf 88' lang='lat' dir='ltr'>aliquid</span> <span class='ocrx_word' id='word_1_184' title='bbox 1091 2933 1252 3011; x_wconf 80' lang='lat' dir='ltr'>audissem</span> <span class='ocrx_word' id='word_1_185' title='bbox 1269 2939 1366 3030; x_wconf 91' lang='lat' dir='ltr'>quod</span> <span class='ocrx_word' id='word_1_186' title='bbox 1384 2936 1572 3012; x_wconf 86' lang='lat' dir='ltr'>meminisse</span> <span class='ocrx_word' id='word_1_187' title='bbox 1599 2943 1637 3016; x_wconf 76' lang='grc' dir='ltr'>δι</span> <span class='ocrx_word' id='word_1_188' title='bbox 1657 2945 1819 3038; x_wconf 87' lang='lat' dir='ltr'>juvabat,</span> <span class='ocrx_word' id='word_1_189' title='bbox 1844 2942 1882 3017; x_wconf 91' lang='lat'>&amp;</span> 
     </span>
     <span class='ocr_line' id='line_1_25' title="bbox 697 3028 1882 3134; baseline -0.001 -21"><span class='ocrx_word' id='word_1_190' title='bbox 697 3041 842 3134; x_wconf 84' lang='lat' dir='ltr'>dignum</span> <span class='ocrx_word' id='word_1_191' title='bbox 856 3053 951 3121; x_wconf 89' lang='lat' dir='ltr'>erat;</span> <span class='ocrx_word' id='word_1_192' title='bbox 976 3034 1106 3127; x_wconf 90' lang='lat' dir='ltr'>aliquid</span> <span class='ocrx_word' id='word_1_193' title='bbox 1124 3055 1145 3105; x_wconf 89' lang='lat' dir='ltr'>a</span> <span class='ocrx_word' id='word_1_194' title='bbox 1160 3051 1196 3107; x_wconf 94' lang='lat' dir='ltr'>te</span> <span class='ocrx_word' id='word_1_195' title='bbox 1209 3028 1414 3118; x_wconf 79' lang='lat' dir='ltr'>didicissem,</span> <span class='ocrx_word' id='word_1_196' title='bbox 1440 3035 1535 3128; x_wconf 87' lang='lat' dir='ltr'>quod</span> <span class='ocrx_word' id='word_1_197' title='bbox 1552 3056 1653 3110; x_wconf 84' lang='lat' dir='ltr'>antea</span> <span class='ocrx_word' id='word_1_198' title='bbox 1668 3035 1882 3132; x_wconf 83' lang='lat' dir='ltr'>ignoraffem.</span> 
     </span>
     <span class='ocr_line' id='line_1_26' title="bbox 693 3125 1885 3230; baseline -0.004 -18"><span class='ocrx_word' id='word_1_199' title='bbox 693 3133 780 3212; x_wconf 91' lang='lat' dir='ltr'>Nec</span> <span class='ocrx_word' id='word_1_200' title='bbox 804 3135 873 3208; x_wconf 91' lang='lat' dir='ltr'>dici</span> <span class='ocrx_word' id='word_1_201' title='bbox 887 3129 989 3205; x_wconf 87' lang='lat' dir='ltr'>facile</span> <span class='ocrx_word' id='word_1_202' title='bbox 1008 3125 1143 3224; x_wconf 87' lang='lat' dir='ltr'>potest,</span> <span class='ocrx_word' id='word_1_203' title='bbox 1168 3151 1336 3222; x_wconf 91' lang='lat' dir='ltr'>quantum</span> <span class='ocrx_word' id='word_1_204' title='bbox 1350 3149 1474 3202; x_wconf 87' lang='lat' dir='ltr'>metua</span> <span class='ocrx_word' id='word_1_205' title='bbox 1491 3131 1789 3208; x_wconf 83' lang='lat' dir='ltr'>exconsuetudine</span> <span class='ocrx_word' id='word_1_206' title='bbox 1803 3157 1885 3230; x_wconf 90' lang='lat' dir='ltr'>pro·</span> 
     </span>
     <span class='ocr_line' id='line_1_27' title="bbox 696 3221 1883 3320; baseline -0.001 -16"><span class='ocrx_word' id='word_1_207' title='bbox 696 3227 814 3304; x_wconf 85' lang='lat' dir='ltr'>fecisse</span> <span class='ocrx_word' id='word_1_208' title='bbox 838 3226 992 3300; x_wconf 86' lang='lat' dir='ltr'>sentiam.</span> <span class='ocrx_word' id='word_1_209' title='bbox 1043 3221 1102 3295; x_wconf 92' lang='lat' dir='ltr'>Ne</span> <span class='ocrx_word' id='word_1_210' title='bbox 1136 3244 1249 3296; x_wconf 88' lang='lat' dir='ltr'>autem</span> <span class='ocrx_word' id='word_1_211' title='bbox 1282 3225 1429 3318; x_wconf 88' lang='lat' dir='ltr'>amplius</span> <span class='ocrx_word' id='word_1_212' title='bbox 1456 3225 1663 3320; x_wconf 87' lang='lat' dir='ltr'>proficiam,</span> <span class='ocrx_word' id='word_1_213' title='bbox 1696 3251 1776 3303; x_wconf 86' lang='lat' dir='ltr'>tuus</span> <span class='ocrx_word' id='word_1_214' title='bbox 1810 3229 1883 3303; x_wconf 86' lang='lat' dir='ltr'>abi·</span> 
     </span>
     <span class='ocr_line' id='line_1_28' title="bbox 700 3317 1886 3419; baseline 0.001 -20"><span class='ocrx_word' id='word_1_215' title='bbox 700 3347 757 3399; x_wconf 86' lang='lat' dir='ltr'>tus</span> <span class='ocrx_word' id='word_1_216' title='bbox 770 3322 867 3419; x_wconf 86' lang='lat' dir='ltr'>justis</span> <span class='ocrx_word' id='word_1_217' title='bbox 889 3319 1038 3416; x_wconf 87' lang='lat' dir='ltr'>querelis</span> <span class='ocrx_word' id='word_1_218' title='bbox 1056 3317 1141 3390; x_wconf 91' lang='lat' dir='ltr'>mihi</span> <span class='ocrx_word' id='word_1_219' title='bbox 1168 3319 1368 3414; x_wconf 82' lang='lat' dir='ltr'>deploratus</span> <span class='ocrx_word' id='word_1_220' title='bbox 1389 3321 1584 3396; x_wconf 87' lang='lat' dir='ltr'>intercedit.</span> <span class='ocrx_word' id='word_1_221' title='bbox 1633 3323 1778 3400; x_wconf 91' lang='lat' dir='ltr'>Utinam</span> <span class='ocrx_word' id='word_1_222' title='bbox 1798 3325 1886 3400; x_wconf 88' lang='lat' dir='ltr'>verd</span> 
     </span>
     <span class='ocr_line' id='line_1_29' title="bbox 701 3413 1888 3517; baseline -0.001 -23"><span class='ocrx_word' id='word_1_223' title='bbox 701 3441 818 3494; x_wconf 87' lang='lat' dir='ltr'>rerum</span> <span class='ocrx_word' id='word_1_224' title='bbox 845 3438 996 3490; x_wconf 87' lang='lat' dir='ltr'>mearum</span> <span class='ocrx_word' id='word_1_225' title='bbox 1019 3413 1175 3488; x_wconf 90' lang='lat' dir='ltr'>conditio</span> <span class='ocrx_word' id='word_1_226' title='bbox 1204 3415 1326 3501; x_wconf 73' lang='lat' dir='ltr'>ferret,</span> <span class='ocrx_word' id='word_1_227' title='bbox 1361 3413 1518 3512; x_wconf 89' lang='lat' dir='ltr'>sequerer</span> <span class='ocrx_word' id='word_1_228' title='bbox 1541 3439 1575 3490; x_wconf 87' lang='lat' dir='ltr'>te</span> <span class='ocrx_word' id='word_1_229' title='bbox 1602 3441 1667 3516; x_wconf 90' lang='lat' dir='ltr'>per</span> <span class='ocrx_word' id='word_1_230' title='bbox 1688 3445 1801 3507; x_wconf 89' lang='lat' dir='ltr'>mare,</span> <span class='ocrx_word' id='word_1_231' title='bbox 1824 3443 1888 3517; x_wconf 91' lang='lat' dir='ltr'>per</span> 
     </span>
     <span class='ocr_line' id='line_1_30' title="bbox 702 3513 1890 3613; baseline 0 -23"><span class='ocrx_word' id='word_1_232' title='bbox 702 3533 838 3601; x_wconf 87' lang='lat' dir='ltr'>terras,</span> <span class='ocrx_word' id='word_1_233' title='bbox 862 3534 934 3607; x_wconf 92' lang='lat' dir='ltr'>quo</span> <span class='ocrx_word' id='word_1_234' title='bbox 959 3531 1089 3586; x_wconf 85' lang='lat' dir='ltr'>tantam</span> <span class='ocrx_word' id='word_1_235' title='bbox 1106 3513 1298 3586; x_wconf 86' lang='lat' dir='ltr'>anitnorum</span> <span class='ocrx_word' id='word_1_236' title='bbox 1319 3515 1542 3590; x_wconf 85' lang='lat' dir='ltr'>concordiam</span> <span class='ocrx_word' id='word_1_237' title='bbox 1569 3537 1740 3613; x_wconf 87' lang='lat' dir='ltr'>perpetua</span> <span class='ocrx_word' id='word_1_238' title='bbox 1764 3538 1890 3613; x_wconf 88' lang='lat' dir='ltr'>corpo·</span> 
     </span>
    </p>
   </div>
   <div class='ocr_carea' id='block_1_3' title="bbox 1814 3635 1890 3687">
    <p class='ocr_par' dir='ltr' id='par_1_3' title="bbox 1814 3635 1890 3687">
     <span class='ocr_line' id='line_1_31' title="bbox 1814 3635 1890 3687; baseline 0 -1"><span class='ocrx_word' id='word_1_239' title='bbox 1814 3635 1890 3687; x_wconf 78' lang='lat' dir='ltr'>slim</span> 
     </span>
    </p>
   </div>
   <div class='ocr_carea' id='block_1_4' title="bbox 700 3813 1894 3990">
    <p class='ocr_par' dir='ltr' id='par_1_4' title="bbox 700 3813 1894 3990">
     <span class='ocr_line' id='line_1_32' title="bbox 736 3813 1894 3970; baseline 0.002 -86"><span class='ocrx_word' id='word_1_240' title='bbox 736 3821 813 3970; x_wconf 58' lang='lat' dir='ltr'>qq)</span> <span class='ocrx_word' id='word_1_241' title='bbox 833 3819 982 3918; x_wconf 26' lang='lat' dir='ltr'>&#39;Commo‘</span> <span class='ocrx_word' id='word_1_242' title='bbox 1010 3814 1147 3898; x_wconf 75' lang='lat' dir='ltr'>Perssus]</span> <span class='ocrx_word' id='word_1_243' title='bbox 1177 3813 1232 3880; x_wconf 86' lang='lat' dir='ltr'>Ab</span> <span class='ocrx_word' id='word_1_244' title='bbox 1257 3813 1378 3880; x_wconf 87' lang='lat' dir='ltr'>Annea</span> <span class='ocrx_word' id='word_1_245' title='bbox 1406 3815 1566 3883; x_wconf 91' lang='lat' dir='ltr'>Cornuto</span> <span class='ocrx_word' id='word_1_246' title='bbox 1590 3818 1622 3883; x_wconf 90' lang='lat' dir='ltr'>in</span> <span class='ocrx_word' id='word_1_247' title='bbox 1651 3820 1894 3905; x_wconf 78' lang='lat' dir='ltr'>philosophicis</span> 
     </span>
     <span class='ocr_line' id='line_1_33' title="bbox 700 3897 1894 3990; baseline -0.001 -16"><span class='ocrx_word' id='word_1_248' title='bbox 700 3905 745 3990; x_wconf 86' lang='lat' dir='ltr'>dt</span> <span class='ocrx_word' id='word_1_249' title='bbox 760 3905 896 3987; x_wconf 85' lang='lat' dir='ltr'>ctpltnrs</span> <span class='ocrx_word' id='word_1_250' title='bbox 909 3902 1099 3968; x_wconf 79' lang='lat' dir='ltr'>rnilttutum</span> <span class='ocrx_word' id='word_1_251' title='bbox 1114 3899 1162 3972; x_wconf 90' lang='lat' dir='ltr'>se,</span> <span class='ocrx_word' id='word_1_252' title='bbox 1183 3899 1312 3964; x_wconf 73' lang='lat' dir='ltr'>Persius</span> <span class='ocrx_word' id='word_1_253' title='bbox 1327 3897 1478 3966; x_wconf 88' lang='lat' dir='ltr'>testatur.</span> <span class='ocrx_word' id='word_1_254' title='bbox 1500 3900 1574 3982; x_wconf 85' lang='lat' dir='ltr'>Joc.</span> <span class='ocrx_word' id='word_1_255' title='bbox 1590 3901 1752 3970; x_wconf 79' lang='lat' dir='ltr'>Vonierr&#39;us</span> <span class='ocrx_word' id='word_1_256' title='bbox 1766 3912 1798 3970; x_wconf 84' lang='lat' dir='ltr'>in</span> <span class='ocrx_word' id='word_1_257' title='bbox 1809 3905 1894 3974; x_wconf 78' lang='lat' dir='ltr'>Dete.</span> 
     </span>
    </p>
   </div>
   <div class='ocr_carea' id='block_1_5' title="bbox 709 3980 1901 4393">
    <p class='ocr_par' dir='ltr' id='par_1_5' title="bbox 709 3980 1901 4393">
     <span class='ocr_line' id='line_1_34' title="bbox 753 3980 1895 4131; baseline -0.016 -59"><span class='ocrx_word' id='word_1_258' title='bbox 753 3989 817 4071; x_wconf 83' lang='grc'>(3)</span> <span class='ocrx_word' id='word_1_259' title='bbox 837 3985 931 4131; x_wconf 61' lang='lat' dir='ltr'>stipo</span> <span class='ocrx_word' id='word_1_260' title='bbox 961 3980 1169 4076; x_wconf 80' lang='lat' dir='ltr'>Philosophus]</span> <span class='ocrx_word' id='word_1_261' title='bbox 1201 3981 1276 4064; x_wconf 90' lang='lat' dir='ltr'>qui,</span> <span class='ocrx_word' id='word_1_262' title='bbox 1297 3997 1399 4064; x_wconf 84' lang='lat' dir='ltr'>capra</span> <span class='ocrx_word' id='word_1_263' title='bbox 1419 3985 1549 4064; x_wconf 85' lang='lat' dir='ltr'>patria,</span> <span class='ocrx_word' id='word_1_264' title='bbox 1579 3985 1695 4051; x_wconf 81' lang='lat' dir='ltr'>amissis</span> <span class='ocrx_word' id='word_1_265' title='bbox 1716 3989 1831 4053; x_wconf 87' lang='lat' dir='ltr'>liberis</span> <span class='ocrx_word' id='word_1_266' title='bbox 1858 3987 1895 4054; x_wconf 81' lang='lat' dir='ltr'>de</span> 
     </span>
     <span class='ocr_line' id='line_1_35' title="bbox 709 4062 1896 4145; baseline -0.003 -8"><span class='ocrx_word' id='word_1_267' title='bbox 709 4086 844 4145; x_wconf 81' lang='lat' dir='ltr'>uxore,</span> <span class='ocrx_word' id='word_1_268' title='bbox 865 4085 886 4132; x_wconf 89' lang='lat' dir='ltr'>c</span> <span class='ocrx_word' id='word_1_269' title='bbox 911 4085 944 4131; x_wconf 84' lang='lat' dir='ltr'>tn</span> <span class='ocrx_word' id='word_1_270' title='bbox 968 4085 1011 4132; x_wconf 86' lang='lat' dir='ltr'>ex</span> <span class='ocrx_word' id='word_1_271' title='bbox 1028 4062 1190 4131; x_wconf 81' lang='lat' dir='ltr'>incendio</span> <span class='ocrx_word' id='word_1_272' title='bbox 1212 4063 1318 4141; x_wconf 91' lang='lat' dir='ltr'>solus,</span> <span class='ocrx_word' id='word_1_273' title='bbox 1342 4063 1378 4132; x_wconf 75' lang='grc' dir='ltr'>δι</span> <span class='ocrx_word' id='word_1_274' title='bbox 1409 4081 1524 4131; x_wconf 86' lang='lat' dir='ltr'>tamen</span> <span class='ocrx_word' id='word_1_275' title='bbox 1549 4067 1668 4131; x_wconf 87' lang='lat' dir='ltr'>beatus</span> <span class='ocrx_word' id='word_1_276' title='bbox 1690 4071 1821 4144; x_wconf 87' lang='lat' dir='ltr'>exiret,</span> <span class='ocrx_word' id='word_1_277' title='bbox 1843 4071 1896 4134; x_wconf 83' lang='lat' dir='ltr'>in·</span> 
     </span>
     <span class='ocr_line' id='line_1_36' title="bbox 711 4147 1898 4234; baseline -0.004 -12"><span class='ocrx_word' id='word_1_278' title='bbox 711 4151 900 4234; x_wconf 82' lang='lat' dir='ltr'>terroganti</span> <span class='ocrx_word' id='word_1_279' title='bbox 921 4149 1076 4215; x_wconf 84' lang='lat' dir='ltr'>Demetrio</span> <span class='ocrx_word' id='word_1_280' title='bbox 1099 4147 1176 4231; x_wconf 90' lang='lat' dir='ltr'>(cui</span> <span class='ocrx_word' id='word_1_281' title='bbox 1191 4163 1234 4212; x_wconf 93' lang='lat' dir='ltr'>co</span> <span class='ocrx_word' id='word_1_282' title='bbox 1259 4165 1387 4212; x_wconf 93' lang='lat' dir='ltr'>nomen</span> <span class='ocrx_word' id='word_1_283' title='bbox 1407 4148 1448 4211; x_wconf 89' lang='lat' dir='ltr'>ab</span> <span class='ocrx_word' id='word_1_284' title='bbox 1470 4147 1578 4212; x_wconf 88' lang='lat' dir='ltr'>exitio</span> <span class='ocrx_word' id='word_1_285' title='bbox 1604 4150 1738 4214; x_wconf 90' lang='lat' dir='ltr'>urbium</span> <span class='ocrx_word' id='word_1_286' title='bbox 1766 4152 1898 4217; x_wconf 68' lang='lat' dir='ltr'>Polion</span> 
     </span>
     <span class='ocr_line' id='line_1_37' title="bbox 710 4227 1899 4314; baseline -0.002 -12"><span class='ocrx_word' id='word_1_287' title='bbox 710 4247 808 4302; x_wconf 86' lang='lat' dir='ltr'>cetes</span> <span class='ocrx_word' id='word_1_288' title='bbox 823 4231 908 4313; x_wconf 92' lang='lat' dir='ltr'>fuit)</span> <span class='ocrx_word' id='word_1_289' title='bbox 932 4229 1238 4314; x_wconf 82' lang='lat' dir='ltr'>nunquid-perdidi</span> <span class='ocrx_word' id='word_1_290' title='bbox 1263 4235 1323 4296; x_wconf 86' lang='lat' dir='ltr'>et?</span> <span class='ocrx_word' id='word_1_291' title='bbox 1352 4227 1469 4305; x_wconf 88' lang='lat' dir='ltr'>Nihil,</span> <span class='ocrx_word' id='word_1_292' title='bbox 1490 4229 1618 4312; x_wconf 91' lang='lat' dir='ltr'>inquit,</span> <span class='ocrx_word' id='word_1_293' title='bbox 1646 4233 1781 4314; x_wconf 89' lang='lat' dir='ltr'>perdidi</span> <span class='ocrx_word' id='word_1_294' title='bbox 1789 4254 1801 4314; x_wconf 89' lang='lat'>;</span> <span class='ocrx_word' id='word_1_295' title='bbox 1825 4253 1899 4300; x_wconf 87' lang='lat' dir='ltr'>otu-</span> 
     </span>
     <span class='ocr_line' id='line_1_38' title="bbox 713 4313 1901 4393; baseline 0.002 -9"><span class='ocrx_word' id='word_1_296' title='bbox 713 4317 771 4384; x_wconf 83' lang='lat' dir='ltr'>nia</span> <span class='ocrx_word' id='word_1_297' title='bbox 791 4332 929 4381; x_wconf 91' lang='lat' dir='ltr'>mecum</span> <span class='ocrx_word' id='word_1_298' title='bbox 951 4315 1052 4390; x_wconf 93' lang='lat' dir='ltr'>sunt,</span> <span class='ocrx_word' id='word_1_299' title='bbox 1079 4313 1245 4378; x_wconf 90' lang='lat' dir='ltr'>videlicet</span> <span class='ocrx_word' id='word_1_300' title='bbox 1271 4313 1444 4385; x_wconf 89' lang='lat' dir='ltr'>virtutes,</span> <span class='ocrx_word' id='word_1_301' title='bbox 1472 4328 1553 4393; x_wconf 85' lang='lat' dir='ltr'>quas</span> <span class='ocrx_word' id='word_1_302' title='bbox 1577 4314 1671 4379; x_wconf 89' lang='lat' dir='ltr'>nulla</span> <span class='ocrx_word' id='word_1_303' title='bbox 1695 4316 1748 4380; x_wconf 88' lang='lat' dir='ltr'>vis</span> <span class='ocrx_word' id='word_1_304' title='bbox 1772 4315 1901 4386; x_wconf 84' lang='lat' dir='ltr'>hostilis</span> 
     </span>
    </p>
   </div>
   <div class='ocr_carea' id='block_1_6' title="bbox 710 4391 1902 4565">
    <p class='ocr_par' dir='ltr' id='par_1_6' title="bbox 710 4391 1902 4565">
     <span class='ocr_line' id='line_1_39' title="bbox 710 4391 1902 4565; baseline 0.002 -99"><span class='ocrx_word' id='word_1_305' title='bbox 710 4398 994 4565; x_wconf 46' lang='lat' dir='ltr'>g‘ieperpquuivit.</span> <span class='ocrx_word' id='word_1_306' title='bbox 1013 4395 1195 4464; x_wconf 76' lang='lat' dir='ltr'>Plutarchus</span> <span class='ocrx_word' id='word_1_307' title='bbox 1223 4400 1256 4462; x_wconf 86' lang='lat' dir='ltr'>r&#39;o</span> <span class='ocrx_word' id='word_1_308' title='bbox 1275 4391 1402 4470; x_wconf 81' lang='lat' dir='ltr'>Seuero,</span> <span class='ocrx_word' id='word_1_309' title='bbox 1434 4393 1517 4478; x_wconf 82' lang='lat' dir='ltr'>opud</span> <span class='ocrx_word' id='word_1_310' title='bbox 1543 4394 1619 4466; x_wconf 83' lang='lat' dir='ltr'>Car.</span> <span class='ocrx_word' id='word_1_311' title='bbox 1662 4395 1841 4488; x_wconf 81' lang='lat' dir='ltr'>Stephanum</span> <span class='ocrx_word' id='word_1_312' title='bbox 1869 4408 1902 4494; x_wconf 85' lang='lat' dir='ltr'>r&#39;n</span> 
     </span>
     <span class='ocr_line' id='line_1_40' title="bbox 789 4503 901 4553; baseline -0.018 0"><span class='ocrx_word' id='word_1_313' title='bbox 789 4531 798 4553; x_wconf 91' lang='lat'><strong><em>.</em></strong></span> <span class='ocrx_word' id='word_1_314' title='bbox 855 4503 901 4551; x_wconf 80' lang='lat' dir='ltr'>r.</span> 
     </span>
    </p>
   </div>
   <div class='ocr_carea' id='block_1_7' title="bbox 0 0 2394 5828">
    <p class='ocr_par' dir='ltr' id='par_1_7' title="bbox 0 0 2394 5828">
     <span class='ocr_line' id='line_1_41' title="bbox 0 0 2394 5828; baseline 0 0"><span class='ocrx_word' id='word_1_315' title='bbox 0 0 2394 5828; x_wconf 95' lang='lat' dir='ltr'> </span> 
     </span>
    </p>
   </div>
  </div>
 </body>
</html>
