4680 5828
633 681 694 772 88
718 657 962 770 VIGLII
991 689 1060 760 nu
1087 658 1358 758 AYTTA
1392 659 1800 762 ZUICHEML

637 867 722 949 sont
736 863 915 954 admosti,
939 885 982 939 ea
1000 860 1136 940 enimse
1156 860 1252 939 reue
1272 859 1501 950 adhibeatur,
1524 861 1639 942 lucem
1657 866 1848 943 maximam

641 961 793 1046 confuse
818 961 956 1036 traditis
977 958 1103 1036 adfert.
1154 959 1273 1056 Quam
1299 961 1407 1057 pauci
1433 959 1540 1062 plene
1567 961 1726 1051 discunt,
1763 963 1853 1040 &st

644 1065 711 1164 qni
726 1085 770 1137 ex
787 1059 912 1134 nostris
928 1058 1150 1144 didicerunt,
1172 1055 1250 1133 ferd
1270 1079 1345 1133 tum
1363 1057 1467 1135 obliti
1491 1059 1600 1152 sunt,
1623 1059 1704 1140 edm
1727 1057 1762 1136 se
1778 1058 1853 1137 sor·

647 1183 685 1238 te
710 1155 963 1255 interpretandi
992 1152 1073 1230 usus
1099 1151 1216 1230 offert
1266 1153 1346 1249 Jam
1367 1174 1409 1230 ut
1436 1155 1540 1232 etiam
1561 1177 1741 1233 teneamus
1759 1157 1854 1233 ordi·

532 1299 535 1306 ·
649 1281 730 1334 nem
749 1252 934 1342 tradendi,
959 1275 1030 1327 non
1053 1253 1171 1350 quivis
1195 1252 1302 1329 habet
1326 1251 1516 1350 judicium,
1547 1275 1621 1350 quo
1650 1273 1791 1352 aequum
1812 1251 1855 1330 dc

651 1356 832 1449 iniquom,
868 1345 974 1423 simile
1008 1345 1046 1422 dt
1070 1347 1224 1422 dissimile
1248 1343 1445 1438 discernat,
1478 1351 1718 1448 rationemque
1744 1353 1859 1450 legiti-

531 1503 534 1514 ·
654 1467 790 1528 marum
814 1445 1112 1522 constitutionum
1132 1445 1315 1542 percipiat,
1366 1445 1440 1519 Alii
1461 1445 1540 1522 haec
1570 1449 1687 1522 omnia
1713 1466 1859 1538 tenent,
1960 1503 1963 1512 ·

655 1547 716 1624 sed
734 1545 923 1641 eloquendi
941 1562 1027 1638 arte
1052 1564 1193 1634 carent,
1216 1544 1252 1616 in
1276 1541 1485 1642 paucissumis
1513 1543 1601 1622 vetd
1634 1545 1753 1620 omnia
1777 1546 1859 1621 haeo

655 1645 754 1729 sunt,
779 1661 858 1738 qua
886 1641 1114 1735 requirimus,
1139 1659 1180 1712 ut
1207 1635 1307 1714 redd
1329 1642 1590 1716 commentandi
1613 1657 1760 1716 conatus
1786 1641 1862 1720 suc·

658 1740 772 1817 cedat
823 1736 882 1810 An
900 1757 939 1811 tu
958 1756 1032 1810 non
1046 1739 1116 1833 jam
1138 1735 1272 1810 dudum
1289 1731 1391 1810 seffor
1410 1759 1469 1825 es,
1483 1737 1617 1832 optime
1640 1740 1859 1828 Amtrbachi,

659 1837 745 1914 mds
761 1834 863 1931 nugis
884 1831 923 1906 dt
948 1833 1186 1930 loquacitate?
1210 1831 1280 1905 Sed
1309 1829 1528 1908 tamencum
1553 1849 1594 1906 to
1621 1831 1720 1910 hunc
1740 1837 1861 1911 locum

659 1930 890 2034 patefeceris,
913 1927 1202 2024 occafionemque
1222 1927 1309 2004 mihi
1334 1928 1512 2026 cogitandi
1534 1925 1692 2008 dederis:
1716 1930 1863 2007 viciffim
1891 2019 1894 2028 Δ

661 2031 730 2106 tibi
760 2029 859 2118 volui
878 2045 959 2123 quae
983 2026 1144 2102 sentirem
1162 2045 1360 2120 exponere,
1386 2047 1460 2122 quo
1475 2045 1515 2115 tp
1528 2027 1608 2100 haec
1622 2027 1699 2123 ipsa
1719 2027 1864 2105 uberius

663 2125 868 2213 trasiaodo,
891 2120 972 2200 edm
987 2124 1054 2198 erit
1077 2139 1339 2220 opportunum,
1363 2144 1446 2217 quae
1467 2122 1535 2199 tibi
1556 2122 1764 2200 viderentur
1785 2147 1867 2226 per·

664 2223 845 2300 scriberet.
895 2219 975 2295 Hic
1005 2240 1120 2295 autem
1145 2219 1322 2294 neminem
1344 2221 1480 2311 habeo,
1506 2241 1588 2294 cum
1634 2243 1685 2296 uo
1707 2223 1753 2300 de
1780 2219 1867 2322 ejus·

665 2322 765 2397 modi
793 2342 831 2394 te
849 2315 1055 2414 deliberem..
1097 2313 1148 2389 Et
1164 2315 1227 2413 qui
1240 2315 1360 2392 sanum
1380 2315 1508 2414 quaerit
1533 2337 1578 2393 co
1629 2320 1735 2406 lium,
1760 2342 1870 2418 opor··

665 2436 720 2492 tet
735 2435 775 2491 ut
793 2416 837 2498 ad
853 2413 1007 2512 peritos,
1031 2409 1069 2488 id
1090 2413 1229 2510 dequo
1253 2413 1422 2510 ambigit,
1448 2409 1590 2489 referat.
1639 2413 1736 2489 Volo
1749 2437 1866 2491 autem

666 2509 730 2605 laic
752 2515 886 2608 peritos
905 2533 978 2585 non
1003 2529 1137 2586 tantum
1152 2511 1349 2597 literarum,
1372 2507 1432 2585 sed
1461 2511 1566 2584 etiam
1596 2507 1712 2602 Juris,
1734 2513 1867 2609 quique

668 2607 710 2685 dr
725 2609 819 2683 iliam
836 2609 944 2706 ipsam
962 2605 1220 2683 commentandi
1240 2606 1408 2680 rationem
1432 2623 1571 2692 teneat,
1604 2627 1675 2702 qua
1705 2607 1869 2684 damnata

668 2707 850 2782 meliorem
867 2703 1067 2779 scrutamur.
1115 2701 1216 2776 Madd
1233 2702 1325 2776 enim
1340 2702 1551 2777 condemnat
1567 2703 1629 2798 qui
1641 2703 1780 2779 causam
1797 2727 1870 2781 non

667 2805 852 2900 ,cognovit
876 2801 958 2900 Ego
971 2824 1059 2877 vero
1075 2820 1130 2882 te,
1145 2799 1194 2871 mi
1210 2799 1423 2886 Amerbacbt',
1441 2795 1513 2872 scio
1534 2799 1572 2872 in
1592 2802 1756 2878 omnibus
1779 2806 1872 2900 opti·

672 2903 739 2976 mis
757 2897 947 2996 disciplinis
965 2893 1106 3016 egregid
1125 2891 1318 2981 versatum,
1343 2895 1388 2969 de
1403 2916 1477 2992 quo
1493 2896 1607 3000 unius¹
1622 2897 1750 2991 Erasini
1765 2899 1810 2974 de
1834 2923 1871 2975 te
1899 2899 1904 2912 '

674 2995 800 3073 sufficit
821 2998 999 3092 elogium,
1025 3017 1105 3070 cum
1129 3009 1169 3066 tu
1214 3013 1357 3069 raeterea
1372 2991 1418 3066 ab
1438 2992 1603 3068 omnibus
1620 2991 1696 3070 ferd
1721 2997 1868 3071 eruditis

673 3085 770 3170 veiis
784 3095 987 3170 Germania
1001 3087 1128 3166 nostrae
1147 3015 1334 3166 coiiebrere.
1382 3087 1426 3162 In
1439 3088 1527 3184 Jure
1544 3090 1633 3166 verd
1643 3141 1654 3177 ‚
1680 3093 1737 3167 cui
1751 3095 1873 3190 potius

678 3191 820 3266 credam
841 3190 946 3288 quim
972 3187 1128 3262 maximis
1154 3185 1322 3284 magistris
1353 3185 1456 3261 Zrzio
1480 3186 1518 3263 δι
1550 3187 1695 3272 Altiaia,
1720 3211 1873 3286 quorum

679 3307 830 3384 uterque
854 3285 1019 3359 summam
1048 3283 1113 3358 tibi
1132 3283 1271 3358 laudem
1285 3284 1323 3357 in
1341 3279 1613 3380 jurisprudenda
1637 3285 1771 3362 tribuit.
1808 3287 1871 3362 Tu

679 3386 798 3480 itaque
812 3385 857 3457 da
872 3380 989 3479 quaeso
1011 3401 1154 3476 optram
1182 3403 1249 3474 pro
1274 3379 1426 3454 amicitia
1453 3379 1586 3471 nostra,
1618 3401 1657 3456 ut
1680 3384 1873 3480 inteiligam

681 3502 752 3575 qua
776 3481 910 3554 ratione
928 3477 1001 3552 fieri
1015 3471 1112 3575 poss'e
1129 3473 1319 3558 existimes,
1345 3498 1383 3551 ut
1396 3475 1670 3574 jurisprudentia
1688 3503 1875 3578 repurgata

661 3583 704 3650 'a
723 3595 794 3650 tam
812 3574 899 3650 fedis
916 3575 1105 3648 multorum
1134 3573 1409 3658 commentariis,
1434 3572 1478 3646 ad
1492 3573 1683 3668 ,pristinum
1712 3572 1874 3652 decorem

681 3693 790 3770 queat
804 3671 956 3762 restitui,
981 3673 1039 3745 vcl
1067 3667 1091 3744 sr
1108 3665 1172 3742 tibi
1188 3670 1291 3743 etiam
1307 3693 1379 3742 non
1402 3667 1481 3743 satis
1495 3673 1612 3766 placet
1628 3671 1796 3748 Veterum
1809 3697 1876 3748 tra·

683 3771 792 3858 ditio,
817 3768 962 3846 ostende
993 3789 1097 3865 quam
1124 3766 1271 3862 figuram
1299 3770 1420 3934 leptim
1448 3769 1485 3842 ὅ(
1508 3766 1698 3866 disciplinae
1720 3771 1877 3869 polititae

682 3867 824 3964 probes.
873 3863 961 3941 Hoc
989 3889 1013 3938 a
1043 3887 1079 3938 te
1109 3861 1222 3938 liberi:
1259 3863 1297 3938 dc
1348 3864 1545 3937 amiliuriter
1581 3863 1694 3962 peto,
1735 3867 1878 3944 vicisim

684 3985 756 4038 non
791 3963 968 4037 vetiturus
999 3983 1090 4035 meas
1124 3981 1231 4056 nugas
1265 3960 1302 4031 in
1337 3979 1437 4036 tuum
1461 3957 1569 4032 finum
1594 3961 1794 4050 effundere,
1817 3965 1877 4038 hic

684 4063 779 4134 enim
806 4057 886 4132 usus
920 4058 969 4134 est
1011 4059 1049 4132 δι
1087 4059 1248 4130 amicitiae
1279 4051 1318 4128 dt
1351 4054 1573 4149 epistolarum
1618 4061 1710 4133 inter
1748 4061 1883 4134 andros

685 4153 877 4229 studiorum
903 4155 1033 4252 copula
1058 4154 1274 4251 conjunctos.
1323 4150 1423 4227 Vale.
1457 4151 1594 4228 Patavii
1623 4153 1738 4231 mense
1760 4155 1878 4250 Junio.

569 4331 576 4346 .
683 4271 741 4330 sn·
770 4271 871 4362 532·
