4742 5814
702 469 788 680 236
821 555 1062 660 vroun
1088 580 1154 652 nr
1181 557 1444 659 Arrun
1469 561 1849 732 zu1cnunr1

703 752 776 828 vile
809 751 991 841 abdicare,
1014 775 1132 850 neque
1158 774 1205 830 ex
1227 752 1298 834 hic
1324 755 1425 836 earu
1448 759 1673 846 exhaeredtre
1697 772 1793 854 licet
1841 780 1909 861 1²2-

704 851 768 924 tris
781 868 897 922 autern
924 871 1030 924 omne
1051 847 1205 926 officium
1223 875 1266 930 ac
1284 853 1343 951 jus
1364 855 1404 934 in
1431 853 1584 934 filiorum
1610 869 1836 965 corrediione
1859 885 1907 962 ea

704 943 848 1020 tendere
864 943 994 1035 debet,
1018 967 1060 1022 ut
1090 949 1252 1024 melioret
1270 948 1483 1046 efficiantur,
1507 978 1555 1031 ne
1573 959 1763 1044 seruitute
1789 995 1907 1072 poeute

574 1041 579 1054 “
705 1043 745 1116 in
762 1039 895 1146 fliium,
917 1037 1064 1138 seipsum
1082 1039 1235 1154 affliget,
1258 1068 1301 1122 oc
1329 1054 1495 1150 majorem
1523 1051 1588 1132 fibi
1612 1059 1771 1146 dolorem
1789 1095 1909 1152 uccer-

704 1136 769 1212 srt.
817 1136 961 1211 Etenim
978 1135 1059 1214 cium
1078 1137 1172 1216 filius
1192 1139 1383 1219 secundum
1407 1147 1542 1228 nostroe
1562 1149 1827 1247 Jurecousultor
1852 1194 1908 1249 ee·

705 1232 789 1310 dem
811 1255 892 1309 cum
908 1257 1011 1330 patre
1029 1232 1178 1330 persona
1201 1234 1268 1312 eise
1282 1239 1481 1324 censeatur:
1506 1271 1596 1346 quoe
1612 1271 1684 1329 tam
1698 1260 1792 1340 atsto
1807 1287 1909 1346 netu·

705 1331 904 1504 111111
914 1333 1630 1544 ε1111111111111111111111
1644 1373 1737 1528 iii.
1750 1355 1908 1558 {iffi}

707 1515 779 1615 est,
805 1525 843 1596 in
859 1523 930 1599 hoc
944 1521 1089 1600 fortuffir
1114 1545 1292 1624 tamquam
1316 1534 1572 1631 primogenito.
1597 1545 1744 1626 nimium
1767 1555 1907 1650 gavisus

707 1642 747 1702 ee
775 1621 974 1716 aliquando.
1024 1619 1089 1696 lile
1124 1643 1241 1700 autem
1275 1649 1392 1704 rerum
1422 1631 1653 1732 humanarum·
1682 1649 1910 1749 moderator,

552 1709 556 1722 '
706 1713 898 1794 secuudium
914 1717 1086 1792 Homerum
1110 1719 1183 1796 duo
1212 1721 1453 1818 hebetiora,
1490 1754 1597 1809 unum
1628 1738 1798 1836 tristium,
1819 1752 1909 1833 alte·

707 1837 787 1894 rum
803 1813 1120 1903 1aetarumrerum,
1145 1839 1189 1892 ex
1207 1819 1333 1913 quibus
1347 1823 1448 1900 varid
1471 1826 1592 1906 mlicet
1612 1839 1813 1918 menalium
1832 1845 1907 1928 for·

704 1901 819 1992 t'uoas.
869 1908 1001 1987 Caeteri
1014 1908 1078 1992 filii
1091 1910 1347 2012 obsequuntur,
1371 1939 1414 1994 ac
1427 1925 1646 2021 voluptutem
1662 1931 1728 2009 tibi
1743 1961 1910 2039 magnam

708 2005 884 2096 adferunt.
933 2005 1002 2087 Sed
1016 2009 1077 2086 ille
1093 2011 1228 2092 nullum
1243 2015 1313 2100 mel
1327 2009 1401 2094 fine
1421 2016 1504 2096 felle
1523 2020 1592 2100 effe
1611 2023 1691 2106 finit
1700 2080 1713 2120 ,
1737 2041 1908 2118 urmemi.

707 2103 882 2190 perimus,
906 2126 971 2188 uos
996 2105 1033 2186 in
1049 2105 1211 2184 humanis
1225 2129 1298 2185 non
1317 2111 1689 2220 iocoelestibusogere.
1739 2129 1827 2212 Hoc
1842 2140 1910 2238 igi·

707 2221 768 2378 ²3:¹¹
784 2199 1809 2395 1101111111111111101111111Μ
1834 2235 1909 2406 5¹5·

708 2317 964 2492 i'utinjlulriiugroe
975 2393 1087 2492 riique
1103 2390 1177 2471 foci
1194 2401 1270 2492 (uti
1286 2401 1463 2514 ditiuue)
1486 2335 1621 2523 fastuup,
1641 2341 1908 2504 {ghisffliss

708 2507 887 2567 exoneret.
938 2417 1034 2565 dum
1065 2511 1136 2566 tem
1161 2497 1288 2570 multoe
1323 2497 1375 2572 dir
1412 2498 1527 2576 rursus
1551 2526 1627 2593 veae
1657 2517 1906 2619 proposueris,

709 2605 836 2664 vereor
857 2609 902 2662 ne
928 2585 967 2664 dt
987 2588 1047 2662 ille
1064 2611 1137 2662 non
1152 2613 1258 2684 queat
1277 2591 1430 2688 eligere,
1452 2619 1496 2672 ec
1512 2603 1601 2676 certi
1617 2609 1807 2707 quicquam
1823 2642 1909 2696 con·

711 2677 872 2778 stituere,
904 2704 995 2760 neue
1020 2703 1169 2760 conetur
1196 2685 1316 2783 aliqud
1343 2685 1446 2765 elabi.
1497 2693 1539 2770 Si
1560 2697 1605 2774 ad
1629 2723 1732 2780 uuam
1755 2711 1802 2785 uli
1829 2738 1910 2792 uam

616 2813 618 2816 ·
710 2777 804 2852 viam
821 2801 900 2853 eum
916 2801 1073 2876 urgeres,
1098 2779 1212 2858 minut
1228 2779 1380 2860 resistere
1395 2785 1520 2884 poii'et.
1569 2793 1703 2874 Verium
1720 2737 1828 2884 auid}

739 2875 817 2950 esto
832 2875 999 2972 quidnam
1018 2876 1078 2960 ille
1105 2873 1171 2956 tibi
1197 2877 1419 2976 responsurus
1446 2883 1499 2961 fit.
1550 2887 1605 2966 Ut
1627 2893 1824 2979 Bononiam
1848 2836 1909 2986 gut

533 2960 681 3025 rinuvi-
709 2891 867 3046 ssaduam
891 2995 973 3047 eum
987 2971 1039 3050 ire
1054 2995 1136 3050 cum
1161 2979 1277 3050 Carino
1300 2975 1322 3016 *
1343 2975 1456 3065 finan,
1489 3006 1561 3058 non
1584 2985 1723 3070 suadeo.
1774 2997 1910 3101 Reper-

534 3041 662 3200 we*
711 3083 808 3144 turur
826 3065 876 3142 est
893 3067 1079 3170 utrobique
1096 3093 1247 3168 quorum
1270 3069 1522 3152 consuetudine
1549 3079 1609 3159 fior
1639 3088 1801 3171 deterior.
1854 3099 1910 3182 Ut

711 3161 770 3241 iiat
793 3159 954 3246 sacerdos
971 3189 1044 3241 non
1058 3163 1219 3246 suadeo..
1243 3165 1399 3247 Invitum
1419 3194 1534 3250 autern
1547 3181 1593 3254 ad
1607 3183 1678 3262 hoc
1691 3187 1757 3264 isto
1771 3213 1909 3296 tempo·

709 3283 750 3338 re
767 3283 911 3356 urgere,
938 3283 1010 3336 nou
1036 3258 1087 3340 est
1115 3282 1253 3351 tutum,
1277 3265 1468 3362 presertim
1491 3271 1573 3374 quia
1600 3277 1672 3359 hoc
1696 3281 1845 3378 seculo,
1869 3291 1909 3370 dr

706 3353 898 3454 praesertinr
914 3355 1081 3452 Augustae
1093 3357 1176 3438 iude
1186 3359 1219 3432 ei
1259 3360 1650 3461 uandocunquerefilire
1667 3377 1760 3456 licet.
1786 3386 1907 3483 Quum

709 3453 801 3526 verd
823 3447 866 3526 fit
889 3450 1058 3537 idoneus,
1082 3474 1123 3530 ut
1152 3453 1226 3567 ipse
1234 3383 1281 3529 qse
1304 3455 1364 3532 sui
1395 3480 1469 3536 arte
1496 3465 1587 3551 alat,
1616 3467 1696 3550 satie
1726 3475 1908 3582 intelligis.

708 3545 834 3646 ltaque
858 3569 903 3622 ex
921 3569 1074 3646 quatuor
1095 3551 1174 3631 duae
1192 3571 1262 3630 vtae
1289 3553 1426 3630 restant.
1475 3557 1515 3634 Si
1539 3569 1688 3660 negotiis
1711 3579 1906 3673 applicabi-

709 3659 785 3731 tur,
810 3667 936 3721 vereor
959 3669 1005 3720 ne
1027 3642 1132 3722 hosce
1159 3669 1273 3726 mores
1291 3645 1404 3732 secum
1427 3651 1572 3732 adferat.
1621 3660 1704 3762 Ego
1723 3694 1835 3771 nuper
1859 3679 1906 3760 ad

708 3747 791 3820 eut'u
806 3740 999 3817 amiciffime
1015 3739 1151 3838 scripsi,
1175 3743 1268 3822 idern
1283 3743 1400 3827 rursus
1418 3745 1521 3827 facio.
1556 3751 1669 3847 Quod
1685 3765 1820 3845 Carinus
1836 3771 1902 3852 fibi

707 3835 754 3912 de
773 3859 815 3912 eo
830 3840 974 3923 meruit,
997 3837 1090 3911 idem
1107 3861 1153 3913 ue
1175 3839 1262 3916 mihi
1278 3843 1445 3924 occiderit
1466 3871 1614 3943 vereor,
1640 3855 1737 3940 &ne
1760 3870 1822 3965 qui
1838 3891 1903 3966 pa.

706 3955 830 4007 tronus
846 3933 981 4029 semper
996 3935 1078 4008 illia
1106 3937 1154 4008 ud
1165 3953 1200 4010 te
1214 3933 1361 4028 fuerim,
1385 3941 1582 4034 accusator,
1605 3952 1643 4027 dr
1659 3976 1729 4048 tuae
1742 3961 1903 4061 indigna.

704 4029 811 4106 tionis
827 4029 1011 4120 instigator
1033 3957 1104 4104 eii‘le>
1122 4029 1257 4108 credar.
1306 4035 1374 4110 Sed
1395 4057 1433 4118 tu
1457 4061 1502 4114 ex
1526 4047 1690 4157 omnibup
1714 4061 1800 4134 ineis
1826 4067 1901 4158 epi.

703 4123 802 4202 stolis
817 4127 968 4198 animum
988 4121 1027 4198 &
1049 4149 1201 4204 amorem
1216 4151 1332 4204 meum
1355 4153 1438 4230 erga
1455 4147 1768 4240 euru'cognovisti,
1793 4177 1900 4250 quern

703 4221 880 4392 perpgursd
895 4221 1053 4390 repnfpo
1070 4221 1198 4338 etiemsr
1220 4225 1278 4300 ille
1293 4249 1380 4304 meae
1400 4234 1571 4318 voluntati
1582 4239 1898 4412 idondelspondean

699 4317 931 4516 11111
944 4339 1575 4551 isddiziiididiid
1604 4357 1712 4516 5..ss
1727 4363 1897 4536 itii?

1663 4547 1667 4552 '
1795 4541 1898 4624 aliter
