4882 5804
552 636 744 785 eursu.
772 633 1079 736 sumoun
1107 651 1174 732 m
1201 635 1532 760 ιιιιιΕιιεοε.Ι
1575 667 1655 768 175

457 861 609 940 quaeque
624 836 689 914 ribi
703 832 777 912 usui
791 831 868 908 sunt
882 829 1001 909 sutura
1016 835 1316 920 animadvertere,
1342 855 1383 910 ac
1402 836 1439 910 iu
1466 837 1587 915 eodem
1618 853 1656 920 te

459 939 557 1016 omni
574 956 702 1010 conatu
720 931 957 1008 incubituram
972 953 1043 1004 non
1066 934 1203 1008 dubito.
1252 929 1347 1004 Illud
1374 953 1490 1008 autem
1505 942 1654 1013 nonnul·
1748 965 1753 980 ·

459 1039 514 1112 loe
529 1033 698 1107 remorari
711 1028 821 1114 solet,
845 1029 969 1124 quiex
995 1030 1196 1104 Academiie
1215 1027 1381 1114 veniunt,
1406 1049 1513 1126 atque
1564 1037 1654 1110 erui⁴

459 1127 592 1210 ciosum
605 1129 776 1226 quendam
795 1121 918 1198 salium
933 1123 1015 1199 inde
1031 1123 1104 1202 sere
1123 1124 1301 1202 adserunt:
1326 1143 1367 1197 ut
1383 1147 1465 1221 quae
1480 1151 1524 1202 ue
1539 1134 1654 1222 ciunt,

461 1225 594 1306 discere
612 1247 674 1300 eos
692 1223 836 1298 omnino
851 1221 1000 1315 pudeat:
1026 1221 1106 1298 edm
1127 1243 1241 1298 tamen
1257 1245 1300 1297 ea
1312 1221 1395 1294 talia
1408 1219 1493 1313 lint,
1519 1247 1598 1323 quae
1610 1249 1654 1301 ex

459 1327 557 1403 libris
576 1323 713 1419 percipi
731 1341 804 1392 uon
821 1315 902 1392 satir
919 1339 1070 1411 queant,
1095 1317 1153 1393 sed
1168 1321 1205 1392 in
1219 1318 1301 1392 soro
1325 1337 1399 1390 tum
1426 1315 1505 1392 etim
1531 1321 1657 1420 saepius
1767 1383 1791 1404 ,

462 1425 648 1505 videntur,
662 1413 789 1492 reiiius
805 1415 1055 1508 intelligantur.
1103 1415 1256 1489 Proinde
1273 1413 1325 1488 illi
1391 1413 1475 1488 time
1492 1412 1556 1491 libi
1574 1443 1658 1496 con·

464 1521 601 1604 sulunt,
627 1537 717 1611 quoe
735 1509 863 1586 nescire
892 1512 1001 1607 magis
1025 1509 1130 1606 quim
1155 1509 1286 1585 discere
1311 1529 1360 1603 pu
1385 1527 1441 1596 et,
1466 1515 1600 1609 quique
1622 1513 1659 1590 se

467 1612 641 1692 veteranis
664 1609 734 1685 foti
762 1605 937 1682 nitoribus
960 1604 1184 1704 patronisque
1214 1603 1418 1703 applicant,
1443 1630 1514 1701 quo
1540 1631 1661 1684 eorum

469 1709 717 1806 experientiam
734 1701 801 1800 ipsi
818 1705 859 1776 in.
870 1699 951 1777 usus
967 1700 1046 1776 suot
1058 1721 1276 1777 convertant.
1325 1699 1417 1774 illud
1435 1705 1523 1778 verd
1541 1725 1576 1780 te
1590 1731 1662 1782 me·

468 1803 600 1882 miniiie
624 1803 759 1876 ilenrico
780 1799 909 1886 velim,
934 1821 1006 1873 non
1022 1797 1118 1873 aliud
1138 1797 1205 1873 effe
1224 1799 1342 1894 praxis
1358 1795 1529 1874 discendae
1543 1803 1662 1875 verius

466 1899 738 1998 compendium,
761 1895 865 1994 quim
880 1893 907 1969 st
925 1917 961 1969 te
980 1894 1163 1992 diligenter
1182 1893 1374 1991 sponteque
1401 1897 1552 1990 negotiis
1576 1897 1664 1972 offe·

469 2024 547 2076 rae:
573 1997 750 2094 principio
774 2013 891 2067 tamen
922 2013 1028 2065 temet
1059 1992 1282 2087 peritioribus
1310 1989 1509 2084 adjungas,
1540 1993 1668 2070 deinde

472 2095 641 2192 paulatim
663 2088 736 2186 ipse
755 2087 888 2183 aliquid
911 2087 1046 2182 negotii
1069 2108 1209 2174 tentes,
1234 2085 1275 2160 dt
1299 2083 1369 2158 fine
1394 2089 1528 2161 cortice
1548 2111 1668 2165 natare

475 2189 596 2265 discas.
645 2187 740 2259 cum
759 2185 845 2258 verb
871 2185 1063 2278 magnavir
1138 2184 1163 2256 li
1186 2179 1245 2266 iit,
1269 2203 1350 2256 cum
1373 2205 1445 2257 non
1464 2183 1572 2258 lat‘ma
1594 2209 1670 2261 tau·

475 2307 575 2373 tum,
598 2280 658 2358 sed
675 2280 713 2354 δι
732 2281 919 2354 vernacula
935 2278 1088 2374 legendo
1125 2278 1361 2372 cribendoque
1380 2300 1563 2369 exercere,
1587 2305 1668 2378 per·

474 2404 581 2482 quam
596 2381 681 2454 utile
703 2374 770 2450 else
789 2377 998 2470 comperiet.
1049 2373 1144 2450 Haec
1159 2397 1230 2451 nou
1250 2371 1373 2448 dubito
1390 2377 1475 2470 quin
1492 2372 1671 2453 frustrate

477 2497 664 2560 moneam,
694 2497 803 2569 quum
834 2489 917 2544 aetas
951 2470 1016 2544 tibi
1046 2490 1107 2545 tua
1132 2467 1345 2566 praesmsque
1373 2465 1567 2546 institutum
1593 2472 1674 2548 satis

475 2573 653 2659 ostendat,
676 2591 824 2666 quonam
844 2589 928 2642 cura
949 2565 986 2639 δι
1000 2567 1166 2640 industria
1181 2587 1273 2663 opus
1290 2565 1350 2653 sit,
1374 2589 1416 2642 ut
1442 2570 1589 2664 aliquem
1607 2569 1673 2644 stu·

478 2675 615 2750 diorum
639 2665 790 2740 sruetum
815 2661 991 2758 assequare
1020 2663 1292 2763 opinionemque
1317 2685 1424 2760 quam
1450 2666 1604 2742 excitasti
1620 2689 1678 2740 tn·

481 2791 570 2844 erre.
620 2761 753 2836 Verium
777 2785 797 2834 e
822 2785 846 2835 o
872 2759 952 2835 cinu
978 2781 1012 2834 te
1040 2783 1150 2834 amem
1174 2782 1218 2834 ex
1241 2760 1374 2845 animo,
1400 2763 1485 2836 uolo
1503 2784 1540 2835 te
1562 2785 1677 2837 meum

481 2863 632 2938 officium
649 2855 783 2935 tametfi
797 2783 1048 2954 supervacuum
1065 2853 1267 2932 desiderare.
1297 2855 1346 2929 Et
1359 2879 1413 2930 me
1431 2879 1449 2929 a
1476 2858 1525 2932 ud
1544 2877 1578 2933 te
1593 2858 1678 2932 sem-

481 2985 546 3060 per
567 2955 700 3052 aliquid
725 2955 946 3028 authoritatis
967 2952 1097 3027 babere
1115 2953 1278 3039 voluisti,
1303 2973 1406 3047 quam
1423 2879 1539 3028 atihuc
1554 2977 1609 3030 nte
1625 2979 1681 3030 te-

484 3061 595 3132 tinere
617 3053 787 3139 arbitror,
813 3043 941 3125 etiamsi
959 3049 1069 3143 longo
1083 3069 1148 3122 tuo
1172 3047 1309 3123 silentio
1328 3071 1399 3121 nou
1424 3049 1600 3124 modicum
1625 3047 1681 3124 os·

485 3153 631 3236 sendor,
655 3171 699 3223 eo
720 3147 861 3244 quidem
876 3141 1017 3240 justiore
1043 3147 1086 3216 de
1104 3145 1228 3233 causa,
1253 3145 1351 3241 quod
1374 3143 1446 3240 ipse
1474 3147 1559 3220 meir
1579 3168 1615 3221 te
1639 3149 1680 3220 li·

483 3251 565 3324 teris
590 3245 694 3320 toties
718 3241 985 3340 interpellarim,
1009 3263 1050 3314 ac
1075 3242 1119 3314 de
1145 3265 1182 3314 re
1211 3263 1288 3336 quae
1310 3241 1395 3314 mihi
1416 3243 1561 3315 maxime
1581 3242 1682 3318 cordi

486 3343 559 3430 est,
583 3349 652 3422 hoc
677 3340 724 3414 est
735 3390 746 3426 ,
770 3339 867 3413 libris
882 3337 966 3410 meis
988 3351 1057 3408 tam
1077 3357 1171 3410 tuam
1190 3361 1332 3433 operam
1349 3335 1522 3433 fidemque
1537 3361 1683 3436 rogave·

487 3444 561 3514 ritu.
621 3438 714 3511 Nam
741 3458 809 3530 ego
831 3453 908 3510 toto
940 3426 1099 3528 proximo
1130 3457 1220 3506 anno
1249 3432 1421 3528 trigefimo
1446 3453 1571 3528 quarto
1600 3459 1620 3509 a
1645 3457 1682 3510 te

488 3537 650 3630 scriptam
667 3531 844 3625 epissolam
869 3530 997 3604 nullam
1021 3529 1157 3623 accepi.
1209 3529 1359 3620 Georgius
1379 3551 1494 3603 tamen
1520 3533 1681 3604 Herman-

490 3655 548 3704 nus
572 3652 682 3722 nuper
701 3625 793 3700 suam
807 3629 932 3700 obtulit
947 3648 1089 3718 operam
1109 3629 1145 3696 in
1164 3625 1377 3700 bibliotheca
1394 3626 1566 3710 curanda,
1591 3649 1683 3700 eam-

492 3750 560 3822 que
579 3724 802 3798 nihilominus
822 3725 857 3794 in
874 3741 908 3794 te
924 3717 1069 3815 posttam
1088 3718 1252 3795 fiduciam
1277 3721 1407 3803 habeo,
1432 3717 1571 3793 minime
1587 3723 1684 3796 vide·

489 3828 574 3898 licet
601 3844 636 3896 te
664 3818 883 3892 charissimam
915 3817 999 3888 mihi
1027 3814 1299 3912 suppelleetilem
1328 3821 1458 3890 interea
1486 3815 1682 3912 neglexisse.

492 3921 574 4016 ugo
592 3918 708 3993 adhuc
723 3915 861 3988 dubiam
879 3911 1050 3984 Antistitie
1071 3913 1138 3985 mei
1155 3910 1393 3986 conditionem
1409 3909 1552 4006 sequor,
1577 3935 1683 4008 quem

489 4013 760 4093 tolerabiliorem
778 4009 863 4084 facie
889 4010 1045 4106 ejusdem
1068 4029 1151 4104 erga
1175 4031 1230 4080 me
1251 4007 1516 4096 benevolentia,
1542 4011 1684 4104 expedi-

491 4136 598 4210 taque
621 4104 734 4183 salarii
754 4105 900 4192 solutio,
925 4105 1026 4178 etiam
1048 4103 1118 4176 hoe
1136 4099 1341 4178 difficillimo
1355 4124 1527 4200 tempore.
1577 4103 1687 4181 Unde

492 4209 647 4286 melioris
672 4201 822 4280 sonunae
846 4198 940 4298 spem
966 4196 1136 4296 suscipio,
1160 4198 1186 4274 fi
1209 4201 1317 4275 modo
1337 4199 1445 4274 Deur-
1458 4225 1522 4276 nos
1543 4201 1685 4276 tandem

492 4309 645 4406 patietur
669 4297 961 4396 Anabaptisticam
991 4296 1177 4372 colluviem
1212 4317 1232 4368 e
1259 4297 1377 4371 medio
1403 4297 1536 4371 tollere.
1586 4295 1686 4370 Urbe

496 4423 611 4478 autem
631 4395 846 4472 munitiffima
864 4394 908 4468 ab
931 4415 973 4468 ea
994 4389 1084 4468 sciit
1109 4393 1334 4488 occupaturi
1357 4393 1437 4488 capi
1463 4395 1603 4489 nequit,
1627 4391 1688 4468 sed

497 4519 631 4596 coquor
652 4491 874 4592 celeriusque
896 4485 976 4593 sper
1000 4490 1049 4572 est
1077 4485 1185 4568 finem
1201 4487 1342 4564 taudem
1356 4507 1476 4565 eorum
1487 4488 1601 4590 impio
1617 4487 1690 4562 Re·

662 4621 670 4638 ·
1623 4603 1697 4680 gno
