4840 5830
676 603 945 738 cousuu
979 603 1169 708 uuov.
1203 593 1597 736 nouusnnm.
1677 613 1734 721 ιι..
1912 711 1917 724 .
2034 529 2037 536 ’

500 794 502 800 ’
548 795 655 886 henr,
686 797 888 874 erlrlrnutn
907 794 1061 894 Regem,
1092 797 1137 872 de
1164 820 1236 894 quo
1261 799 1382 896 supra,
1416 807 1584 900 palatium
1603 814 1736 912 regium
1810 845 1812 850 ·
1996 854 2022 896 ·.

546 893 664 992 Hugae
681 891 902 980 exstmrtde,
925 895 1040 969 addit:
1065 898 1178 988 inquo
1204 912 1260 988 pro
1288 898 1581 996 majoribuncunfis
1603 909 1735 1004 Imperii
1867 935 1870 942 ·

541 1007 598 1086 pru
614 989 765 1064 tribunali
791 991 909 1064 edelar.
957 987 1056 1064 Effer
1072 989 1168 1086 quod
1186 1013 1320 1066 mecum
1338 1014 1557 1088 reputarem,
1583 999 1606 1072 st
1624 1005 1733 1078 loide.

542 1089 652 1158 norint
670 1087 703 1160 d'
732 1087 738 1101 '
768 1106 822 1174 et,
847 1106 1007 1274 eumsro
1022 1087 1192 1181 majoribus
1207 1083 1305 1177 constr
1323 1087 1497 1166 Hollundic
1514 1093 1671 1174 Zelandr'ae
1687 1097 1731 1184 &i
1806 1167 1808 1174 ,
1880 1115 1882 1120 ’

541 1177 651 1274 Frisiis
666 1199 722 1277 pro
749 1181 898 1254 tribunali
940 1185 989 1254 edi
1015 1199 1054 1254 r:
1087 1183 1248 1276 quamvis
1269 1203 1315 1254 ne
1339 1183 1421 1258 inde
1446 1189 1584 1280 quidem
1610 1196 1730 1268 conse.-

540 1299 653 1374 queus
672 1275 774 1367 effer,
800 1275 993 1353 Consilium
1016 1277 1230 1373 provinciale
1249 1281 1293 1352 ub
1310 1299 1353 1352 eo
1368 1278 1405 1351 in
1426 1286 1557 1375 palutio
1578 1289 1641 1361 illo
1665 1289 1727 1367 suo

539 1369 606 1450 effe
634 1371 838 1450 institutum.
888 1371 1008 1468 Hujus
1030 1371 1200 1468 Chronici
1223 1374 1332 1448 uerba
1355 1378 1557 1472 accipienda
1578 1380 1659 1460 sunt
1682 1388 1727 1464 de

537 1467 704 1564 Principe
721 1490 790 1566 pro
806 1465 970 1543 tribunali
987 1466 1127 1542 sedente
1143 1488 1224 1542 cum
1240 1465 1453 1546 Couiiliuriis
1468 1476 1570 1550 lateri
1585 1476 1648 1554 suo
1667 1485 1727 1558 ad·

509 1591 514 1602 ·
535 1563 769 1650 haerentibus‚
792 1566 829 1640 &
848 1585 920 1640 nou
935 1561 995 1637 nisi
1010 1585 1073 1660 pet
1091 1564 1162 1638 uim
1189 1563 1402 1659 imaginandi
1421 1568 1567 1668 intelligi
1583 1576 1725 1668 poliunt

534 1662 580 1752 de
608 1661 775 1834 &gumolffi
790 1658 956 1755 Justitiae,
980 1680 1041 1736 sut
1063 1660 1108 1734 de
1134 1657 1291 1733 Consilio
1315 1663 1524 1757 provinciali
1551 1671 1651 1764 quale
1670 1671 1724 1750 su·

558 1781 599 1836 ru
676 1777 725 1832 cn
766 1780 865 1832 rmus.

531 1778 558 1856 p
579 1854 630 1940 At
643 1873 680 1928 at
697 1779 891 1930 eduinum
908 1849 1127 1925 Provincialc
1141 1849 1348 1926 hodiernum
1366 1849 1444 1948 ipso
1463 1855 1523 1930 illo
1539 1856 1575 1930 iu
1589 1862 1721 1956 palatio

529 1945 643 2026 sedem
660 1951 765 2024 hahet
786 1971 828 2022 ac
853 1949 1016 2023 tribunal.
1067 1946 1168 2036 Quid
1190 1967 1263 2021 tum
1287 1943 1443 2041 postes?¹
1462 1950 1518 2024 An
1542 1953 1577 2026 id
1596 1977 1722 2049 praeter

529 2045 834 2130 consuetudinem,
858 2065 987 2140 praeter
1002 2042 1165 2118 solitum?
1178 2040 1329 2116 Gallium
1344 2063 1458 2120 mente
1472 2067 1637 2144 peragra,
1661 2077 1721 2130 ος.

529 2161 649 2216 curres
671 2139 1005 2234 Gratianopoliruno
1034 2135 1274 2224 Parlameuto,
1299 2140 1395 2234 quud
1421 2137 1537 2224 sedem
1555 2147 1659 2220 hahet
1676 2175 1720 2226 ac

530 2233 682 2312 tribunal
697 2237 734 2310 in
753 2233 926 2328 Delphini
942 2233 1072 2330 palatio
1083 2233 1524 2403 (Puluis-Dauphinz'quod
1540 2241 1577 2312 iu
1591 2242 1649 2318 illa
1668 2235 1719 2320 est

531 2331 707 2422 civitate3
742 2329 909 2427 quodque
941 2329 1165 2404 incoluerunt
1190 2327 1360 2427 Delphini
1422 2333 1598 2411 iennenses
1628 2361 1717 2414 uuus

525 2427 606 2524 post
623 2429 750 2515 alium,
775 2427 836 2500 ubi
853 2448 920 2522 pro
936 2423 1101 2500 tribunali
1117 2423 1282 2502 sederunt
1302 2427 1338 2500 &
1350 2431 1405 2523 jus
1423 2427 1585 2504 dixerunt
1601 2431 1717 2510 subdi-

527 2525 573 2599 tis
591 2523 656 2599 suis
699 2524 753 2596 lus
772 2523 853 2596 vice
873 2519 1032 2616 fimplicl.
1083 2519 1133 2595 Et
1148 2541 1264 2596 tumen
1280 2523 1409 2596 dictum
1428 2523 1499 2620 jam
1519 2523 1714 2605 Purltmen·

525 2641 601 2696 tum
626 2619 662 2693 in
695 2619 879 2693 'tutionem
905 2616 999 2692 suam
1025 2638 1209 2713 acceptam
1232 2615 1298 2690 fert
1321 2621 1431 2693 Caroli
1450 2618 1530 2694 Vll.
1554 2621 1708 2700 Franco·

525 2738 601 2790 mm
627 2713 720 2812 Regi
740 2736 796 2788 un.
823 2733 926 2806 1435.
958 2707 1210 2788 Parlamentum
1232 2710 1582 2812 Provinciaesquod
1603 2719 1716 2818 Aquis

526 2807 655 2886 Sextiis
684 2829 939 2905 congregatur,
972 2806 1068 2884 sedet
1097 2809 1134 2881 in
1160 2809 1310 2906 palatio,
1341 2811 1517 2906 hodieque
1538 2819 1715 2910 appellato

525 2901 634 3002 Regis
659 2905 787 2982 Renuti.
827 2903 925 3000 (11)
960 2901 1200 2978 Nihilominus
1229 2900 1383 3000 agnoscit
1415 2909 1589 2983 mliorem
1615 2912 1713 2988 suom

525 2999 593 3080 elle
614 3001 806 3076 Lulouicum
829 2997 910 3073 ΧΠ.
935 3021 991 3074 uu.
1019 3019 1122 3087 1501.
1147 2997 1244 3072 Idem
1264 2997 1313 3072 cst
1327 3003 1371 3075 de
1390 3003 1524 3096 palatiis
1544 3005 1713 3102 Burgida·

504 3095 628 3188 „lenfi,
653 3094 880 3180 Tholosano,
906 3097 944 3172 dr
966 3089 1164 3184 Parilienli,
1187 3097 1408 3192 antiquorum
1439 3097 1576 3195 Regum
1602 3101 1713 3178 domi·

522 3196 631 3272 ciliis:
656 3216 735 3290 qoae
750 3189 968 3270 Purlamenta
984 3190 1155 3286 epocham
1172 3209 1300 3266 certum
1321 3189 1468 3277 habeut,
1494 3219 1596 3290 quam
1613 3197 1713 3272 mini·

518 3286 859 3493 metharehetatdtiaffid·
871 3379 1056 3490 uiumiores
1072 3354 1260 3454 Hollandis
1280 3381 1465 3493 1131111111.
1486 3383 1610 3482 easque
1627 3383 1707 3460 Bel-

548 3480 641 3564 'cas,
664 3480 801 3554 oculum
825 3476 984 3570 dirigere.
1034 3476 1124 3551 Cum
1145 3479 1200 3548 hae
1217 3473 1410 3551 Provinctae
1431 3477 1573 3554 drverhs
1595 3481 1710 3558 adhuc

571 3575 743 3673 'ncipibus
757 3593 939 3674 parerent,
963 3595 1035 3650 nou
1050 3595 1119 3650 una
1134 3569 1200 3648 fuit
1218 3573 1348 3670 ubique
1364 3574 1530 3650 &eadem
1547 3573 1603 3650 seu
1618 3579 1706 3744 reiip.

1663 3695 1709 3746 eu

522 3815 686 3888 nloedich
712 3813 801 3902 ryclt
830 3801 941 3891 weit,
970 3812 1059 3880 ende
1085 3827 1188 3898 groot
1215 3831 1281 3880 van
1305 3813 1421 3880 schat.
1465 3814 1616 3900 Chronych
1639 3836 1708 3886 van

524 3901 691 3975 Veldenuer
704 3917 779 3986 pag.
824 3912 854 3976 3.
876 3895 947 3964 edit.
969 3915 1020 3962 nn.
1047 3902 1139 3980 1650.
1159 3903 1192 3962 tn
1210 3913 1244 3982 4.
1284 3897 1445 3964 Similiter
1465 3897 1640 3968 Chronica
1661 3903 1707 3972 dc

521 3985 669 4058 Holltnt
688 3981 779 4070 apud
800 3916 1065 4076 hnutthaeum
1087 3975 1242 4080 Auulest.
1265 3991 1349 4046 tom.
1397 4029 1406 4046 .
1427 3999 1504 4076 pag.
1523 4000 1598 4080 54¹:
1619 3983 1655 4049 in
1671 4006 1704 4070 4.

522 4067 663 4146 „Fecit
681 4063 830 4134 construi
849 4077 886 4128 ru
905 4061 999 4148 Hugu
1021 4059 1147 4128 Comitis
1159 4077 1317 4154 magnum
1337 4080 1381 4146 pa
1415 4077 1517 4147 uum,
1539 4067 1598 4134 ubt
1612 4065 1707 4138 sede·

522 4190 549 4228 ‚,
564 4169 603 4218 rc
621 4147 732 4219 voluit
746 4146 903 4232 iudicans
923 4144 967 4212 de
985 4144 1058 4212 uliis
1075 4143 1171 4228 Regni
1191 4145 1348 4230 negotiis.
1365 4153 1390 4190 ‘⁶

548 4231 651 4384 u521)
672 4231 766 4299 Rene
787 4227 937 4314 d’Anjou
959 4226 1024 4293 Roi
1046 4227 1092 4296 de
1114 4227 1262 4314 anles,
1285 4225 1481 4308 Comtcde
1504 4225 1705 4312 Provencc,

604 4328 745 4382 mourut
760 4313 844 4382 daus
860 4329 903 4379 ce
918 4311 1024 4397 pelais
1043 4326 1087 4376 en
1107 4313 1200 4393 1480.
1664 4385 1668 4396 .

538 4471 541 4478 ,
562 4395 648 4484 (11)
667 4396 713 4466 v.
725 4394 789 4464 1³ss
805 4395 881 4464 uier
896 4393 1042 4466 Recher.
1057 4392 1102 4464 dc
1117 4393 1151 4462 ln
1164 4393 1296 4463 Frnnce
1308 4389 1424 4462 Lino.
1439 4389 1550 4480 Chrp.
1562 4409 1595 4484 4.
1614 4393 1707 4464 Dici.

526 4479 570 4558 de
588 4481 756 4552 Trovoux
812 4497 846 4552 c.

1143 4557 1175 4636 B
1199 4579 1222 4637 s
