4742 5814
689 649 1847 781 ¹234tritanumtartarusemmunim

521 931 637 998 exuo·
877 906 1388 1008 EPISTOLA
1443 907 1723 1006 XCIII.

521 1034 570 1075 mo
584 1009 644 1072 111.

519 1095 575 1154 sol.
598 1105 646 1148 10.

734 1163 994 1278 JOANNI
1046 1161 1385 1266 GEORGIO
1439 1161 1874 1268 HERMANNO.

538 1471 639 1547 15y.
706 1425 878 1538 Jnflrrrit
906 1425 1033 1544 Juris
1050 1426 1273 1542 studiosum
1290 1433 1393 1514 circo
1449 1433 1583 1515 raxim
1613 1429 1906 1548 addiscendam.

764 1539 905 1636 Mores
919 1543 1197 1657 componendos
1214 1561 1358 1630 monet.
1436 1546 1496 1628 uis
1512 1539 1700 1632 Dederis
1712 1575 1848 1636 nornen

926 1659 1158 1746 mereatur?
1193 1653 1273 1770 Qui
1297 1665 1470 1743 auderes
1497 1654 1704 1774 deligendi.

775 1932 812 2008 X
832 1929 1016 2010 novistimis
1050 1933 1119 2006 tuis
1154 1931 1305 2020 litteris,
1342 1925 1558 2006 Ornatiffime
1596 1932 1740 2028 Joenner
1772 1938 1907 2035 Georgi,

798 2031 954 2126 parentis
970 2030 1022 2104 tui
1042 2031 1085 2102 de
1104 2051 1138 2103 te
1162 2026 1342 2104 confilium
1367 2028 1544 2116 intellexi3
1570 2032 1667 2124 quod
1689 2052 1731 2103 an
1749 2035 1792 2106 ad
1809 2055 1904 2110 tuam

710 2127 964 2224 suggestionem
988 2125 1291 2222 petitionemque,
1316 2142 1379 2196 aur
1392 2125 1540 2220 quinam
1565 2129 1609 2198 de
1634 2126 1734 2202 canii
1762 2129 1906 2227 abipso

710 2223 904 2297 institutum
922 2221 986 2312 iit,
1010 2218 1200 2296 haudsatis
1224 2217 1308 2297 inde
1333 2221 1497 2316 colligere
1516 2224 1643 2317 potui,
1668 2221 1747 2297 cium
1774 2250 1811 2301 tu
1830 2229 1907 2302 bre

710 2322 805 2394 viter
824 2319 1010 2394 admodum
1031 2318 1076 2392 ad
1098 2342 1153 2391 me
1177 2316 1328 2400 scribas,
1353 2316 1521 2414 porasque
1541 2339 1581 2392 ut
1600 2341 1715 2392 meum
1738 2325 1804 2396 tibi
1823 2347 1906 2398 conh

712 2413 823 2490 filium
849 2419 885 2490 in
911 2415 1102 2489 studi0rum
1121 2437 1261 2489 tuorum
1291 2411 1560 2501 institutionem,
1594 2413 1784 2510 praesertim
1814 2425 1906 2495 circa

711 2515 869 2616 prmum,
892 2511 1099 2606 impertiam.
1152 2509 1260 2600 Quod
1277 2508 1301 2582 ii
1322 2533 1362 2585 tu
1378 2508 1561 2584 addidisses
1577 2514 1726 2608 quinam
1745 2516 1788 2588 de
1807 2516 1906 2592 uun

713 2613 750 2682 in
767 2607 899 2682 Italiam
919 2609 985 2680 tibi
1003 2607 1217 2683 redeundum
1236 2629 1358 2702 parens
1377 2603 1539 2680 statuisset
1550 2659 1562 2695 ,
1584 2613 1654 2704 jam
1678 2630 1745 2704 ego
1764 2612 1906 2688 fortasis

715 2707 825 2801 magis
846 2701 1074 2781 accommode
1101 2705 1145 2777 de
1163 2705 1232 2777 tuis
1246 2701 1366 2776 studiis
1394 2726 1504 2776 meam
1535 2703 1600 2778 tibi
1626 2703 1828 2781 sententiam
1849 2733 1907 2785 erc·

714 2825 846 2899 ponere
864 2799 1058 2898 potuissem.
1106 2797 1232 2874 Ducor
1257 2821 1373 2874 tamen
1398 2797 1614 2894 conjeeruri,
1641 2800 1721 2876 cnm
1742 2805 1847 2882 senas
1872 2827 1907 2884 te

744 2896 957 2973 rofeiiutum
972 2895 1128 2982 scribas,
1152 2897 1203 2969 illi
1217 2897 1378 2993 placere,
1404 2913 1444 2969 ut
1460 2897 1541 2992 post
1558 2895 1772 2992 degustatam
1791 2901 1908 2977 foren-

645 3025 650 3034 ·
715 2923 785 3070 {m
816 2995 970 3090 praxim,
995 2995 1042 3068 ad
1071 2993 1294 3068 Academiam
1322 2993 1475 3088 aliquam
1502 2995 1682 3079 reversus,
1715 3019 1906 3074 extremum

715 3091 788 3166 illic
805 3091 997 3167 studiorum
1020 3111 1159 3165 tuomm
1184 3085 1298 3163 assum
1326 3087 1484 3172 feliciter·
1498 3088 1674 3175 absolvas,
1697 3091 1910 3170 Doiioralis·

718 3213 785 3284 que
807 3189 956 3262 Laureae
977 3185 1120 3282 infignia
1138 3183 1318 3283 suscipias,
1343 3185 1556 3282 quodetiam
1571 3185 1619 3259 D.
1646 3189 1807 3263 Claudium
1828 3193 1911 3266 Peu-

720 3292 845 3380 ringrr,
869 3285 918 3358 D.
944 3287 1140 3356 Leonordum
1159 3284 1408 3378 Longementes,
1432 3280 1584 3377 aliosque
1598 3303 1675 3374 tuos
1694 3287 1792 3361 cives
1811 3289 1911 3364 secis-

693 3380 755 3454 .se
773 3381 854 3456 scio.
904 3376 986 3454 Nec
1008 3381 1094 3454 uiihi
1121 3377 1164 3453 ab
1191 3403 1229 3454 re
1256 3380 1414 3463 videtur,
1448 3377 1527 3454 cum
1552 3405 1627 3453 non·
1650 3384 1790 3457 minima
1821 3390 1908 3480 juris

721 3476 874 3551 scientiae
898 3499 1001 3575 pars,
1037 3479 1073 3549 in
1099 3474 1163 3549 usu
1196 3497 1237 3548 ac
1269 3472 1445 3550 causarum
1483 3473 1674 3551 forensium·
1696 3483 1915 3576 experientiis

722 3573 901 3658 consistat,
926 3595 997 3648 non
1014 3591 1115 3645 antea
1135 3567 1360 3645 Doiioralem
1389 3569 1561 3664 suscipere
1588 3577 1748 3660 titulum,
1773 3581 1833 3673 qui
1852 3583 1913 3654 de·

722 3669 823 3746 curso
836 3669 1026 3745 studiorum
1040 3666 1151 3764 spatio
1165 3667 1311 3742 concedi
1326 3666 1428 3751 solet,
1454 3668 1558 3835 quim
1569 3667 1651 3744 huic
1665 3696 1807 3770 quoque
1821 3679 1915 3772 parci

722 3770 936 3864 aliquatenus
968 3762 1175 3840 satissadium
1210 3761 1260 3836 stt.
1311 3763 1423 3860 Quod

723 3863 859 3940 italiam
887 3862 1040 3950 redibis,
1063 3883 1132 3956 pro
1157 3881 1236 3933 meo
1264 3881 1347 3954 erga
1371 3879 1407 3934 te
1432 3881 1549 3935 amore
1579 3864 1651 3938 hoc
1677 3884 1711 3940 te
1754 3867 1912 3964 inprimis

723 3958 1018 4036 commonendum
1043 3976 1215 4055 puto‚ut
1236 3958 1398 4053 cogites,
1416 3956 1517 4030 istum
1543 3959 1683 4034 titulum
1708 3988 1779 4037 non
1803 3965 1911 4040 modo

727 4059 881 4131 amasiam
908 4055 1081 4151 quandam
1110 4052 1360 4138 eruditionem,
1382 4050 1441 4126 sed
1467 4053 1553 4128 vitae·
1584 4059 1688 4131 etiam
1715 4061 1753 4135 &
1779 4083 1914 4152 morum

751 4155 935 4227 ravitatem-
954 4169 1060 4246 atque
1083 4149 1334 4238 maturitatem,
1358 4169 1437 4244 quae
1460 4169 1638 4226 externum
1656 4157 1830 4248 quoddam
1854 4151 1917 4232 do-

724 4177 848 4322 irinae
866 4248 1058 4344 symbolum
1080 4245 1149 4336 esi,
1172 4247 1376 4343 undevuigi
1393 4243 1471 4322 ferd
1495 4247 1674 4324 aestimatio
1686 4250 1838 4346 pendet,
1862 4276 1917 4342 ree

726 4346 874 4440 quirere.
925 4343 1017 4420 Cium
1036 4345 1128 4418 enim
1154 4343 1307 4442 populus
1341 4345 1385 4418 de
1413 4345 1538 4419 litteris
1558 4346 1717 4438 judicare
1739 4369 1914 4442 nequeat,

725 4464 805 4512 eum
822 4443 960 4516 demum
978 4439 1171 4517 moerorem
1189 4440 1322 4512 nomini
1343 4437 1404 4514 suo
1425 4438 1631 4552 respondere
1666 4441 1855 4534 existimat,
1879 4447 1923 4520 im

652 4567 658 4576 .
721 4536 824 4638 fujus
840 4538 999 4616 moribus
1018 4539 1111 4640 nihil
1132 4533 1357 4640 odoldum,
1381 4537 1471 4620 nihi
1490 4537 1710 4624 temerarium
1719 4592 1737 4639 2
1757 4538 1924 4737 {lgm}-

1903 4687 1926 4738 ι

1469 3787 1482 3836 r
1515 3785 1554 3838 tu
1594 3769 1665 3843 hoc
1702 3771 1848 3847 consilio
1875 3777 1911 3847 in
