4882 5804
740 649 823 726 tta
853 617 1091 730 VIGLlI
1120 637 1188 716 aa
1216 613 1486 718 AYTTA
1512 614 1884 720 ZUICHEMI

743 831 877 906 editum
887 821 1083 915 effecero
1093 815 1393 896 affirmateaussm.
1409 815 1469 894 Ex
1479 818 1809 901 Francfordianibil
1822 823 1940 904 adhuc

744 929 884 1002 allatum
900 921 961 997 est.
1010 921 1159 998 Aiciotnt
1178 915 1293 994 noster
1314 935 1453 1014 paterga
1477 919 1584 994 edere
1606 919 1804 1013 coustituit,
1827 945 1941 1020 eaque

743 1024 884 1098 cuidam
903 1019 1055 1104 Baroni,
1078 1013 1166 1088 milti
1181 1035 1353 1113 perquam
1369 1008 1529 1089 familiari
1544 1019 1783 1112 nuncupavit,
1808 1017 1846 1094 dt
1863 1018 1943 1093 mis·

743 1118 862 1196 surum
879 1115 913 1189 se
930 1109 1082 1210 scripit,
1111 1131 1155 1186 ut
1169 1112 1200 1188 ia
1215 1114 1253 1185 iu
1269 1105 1464 1185 Germania
1479 1113 1607 1188 excudi
1623 1133 1733 1194 curet.
1781 1113 1863 1210 Ego
1879 1138 1941 1191 au·

625 1263 627 1268 -
746 1235 819 1290 tem
834 1209 938 1295 suast,
964 1227 1010 1286 ut
1020 1208 1163 1282 Faberio
1179 1209 1393 1297 committat,
1418 1209 1515 1302 quod
1531 1204 1568 1282 se
1583 1204 1754 1284 stilorum
1769 1209 1942 1309 promisit.

745 1313 785 1388 Si
806 1310 894 1406 quid
911 1306 955 1380 ad
971 1327 1006 1380 te
1035 1305 1186 1380 Alciotut
1202 1327 1245 1380 ea
1269 1302 1315 1378 de
1341 1324 1377 1377 re
1401 1300 1595 1401 scripserit,
1619 1305 1665 1379 da
1686 1303 1802 1380 uuio
1865 1331 1941 1394 am,

747 1411 798 1482 mi
822 1403 1042 1486 Ametbrchi,
1076 1424 1144 1497 pro
1167 1400 1281 1477 veteri
1306 1415 1370 1474 tuo
1400 1421 1483 1497 erga
1511 1397 1736 1474 Froberiattam
1766 1425 1790 1477 o
1827 1405 1943 1480 cinam

746 1505 887 1588 favore,
913 1518 951 1573 ut
971 1499 1086 1571 nullus
1108 1499 1195 1572 aliua
1223 1499 1260 1572 id
1276 1494 1467 1594 praeripiat.
1515 1494 1613 1571 Bene
1631 1497 1727 1588 vale,
1752 1501 1950 1578 Amertaett

749 1600 936 1676 clarillime.
983 1591 1116 1677 Datum
1139 1591 1257 1691 spire
1279 1611 1336 1667 ar.
1361 1589 1576 1690 Septembris
1600 1617 1694 1670 auno
1719 1601 1824 1694 1536.

576 1807 699 1870 uaro-
889 1795 1395 1922 EPlS'TOLA
1450 1797 1805 1907 LXXXVl
1943 1902 1948 1908 .

583 1887 690 1949 moll.

582 1964 1034 2158 f⁰¹·³⁸³·Joartrrr
1083 2021 1451 2124 cnonuuo
1499 2025 1945 2128 unnrosr‘ro
1994 2049 2003 2066 ·

1159 2149 1546 2250 cumensi.

583 2449 586 2456 ·
613 2405 718 2496 1536.
765 2385 840 2479 De
874 2383 1037 2501 Erasmi
1069 2406 1200 2474 morte
1233 2405 1279 2474 ret
1315 2382 1499 2496 reJ'erat,
1537 2393 1713 2478 remittit
1738 2390 1796 2477 ad
1826 2387 1947 2478 Beati

811 2499 1002 2594 Rhenani
1037 2497 1313 2618 prefationem
1351 2505 1394 2586 in
1436 2497 1677 2613 Originem:
1715 2503 1765 2588 de
1802 2499 1948 2591 ultimo

810 2635 948 2749 aretem
983 2621 1072 2730 ejus
1108 2611 1315 2704 voluntate
1350 2607 1483 2722 refert
1517 2639 1573 2702 ex
1612 2609 1802 2704 Frobenii
1840 2613 1946 2706 rela-

756 2774 774 2804 r
805 2750 927 2818 (tione.

848 2953 912 3031 Eri
933 2955 1048 3030 literas
1078 2971 1162 3028 tnta
1177 2949 1266 3027 mihi
1284 2949 1462 3038 reddidit,
1496 2951 1621 3028 ctotm
1646 2945 1846 3045 clariffime,
1878 2957 1950 3032 De·

581 3045 729 3144 *lustju-
869 3053 1167 3129 memoraliter*
1191 3049 1301 3126 homo
1329 3073 1403 3134 non
1427 3049 1618 3125 ineruditus
1638 3048 1678 3124 dt
1696 3052 1946 3146 perhumanus.

583 3145 612 3204 ¹²¹
637 3129 729 3236 praet·
753 3148 994 3243 Quamobrem
1008 3147 1137 3244 gratias
1153 3147 1219 3224 tibi
1237 3169 1328 3246 ago,
1352 3147 1449 3244 quod
1468 3169 1600 3220 mutuae
1615 3147 1707 3221 inter
1718 3147 1820 3222 illuto
1836 3149 1874 3225 dt
1890 3173 1947 3225 me

585 3227 703 3346 {2222
753 3247 913 3321 amicitiae
935 3263 1166 3341 proxenetam
1200 3265 1239 3318 te
1266 3243 1445 3320 obtuleris.
1495 3241 1624 3339 Neque
1650 3263 1741 3339 opus
1772 3240 1869 3327 fuit,
1900 3249 1950 3320 mi

587 3369 657 3424 eras.
755 3343 900 3430 Cboiere,
934 3362 995 3416 tua
1018 3341 1078 3414 illa
1101 3360 1172 3416 tam
1195 3359 1358 3416 accurata
1375 3339 1695 3427 commendatione,
1719 3334 1832 3414 cbmi
1858 3338 1892 3416 se
1911 3345 1952 3416 in

753 3437 789 3514 se
802 3438 970 3536 philtrum
990 3437 1117 3511 habeat
1137 3437 1182 3511 ad
1199 3437 1432 3512 conciliandas
1457 3434 1626 3509 amicitias
1642 3433 1806 3603 praesen‘
1878 3461 1951 3512 um.

755 3535 815 3612 De
838 3533 967 3629 &astri
996 3532 1101 3606 rebus
1129 3555 1200 3606 non
1224 3534 1292 3609 alia
1316 3533 1362 3607 de
1388 3527 1491 3606 eausa
1516 3532 1561 3605 ad
1584 3552 1621 3606 te
1659 3531 1794 3607 cribete
1814 3533 1951 3623 distuli,

781 3633 861 3706 uim
901 3632 973 3705 uod
993 3630 1161 3704 Frobeuius
1175 3625 1284 3727 ipsam
1298 3627 1490 3704 testamenti
1505 3623 1715 3713 formulam,
1738 3629 1783 3703 ad
1799 3653 1855 3706 me
1874 3629 1952 3706 mis·

755 3657 917 3805 somnust
933 3723 1000 3808 ess'e
1025 3723 1195 3824 promisit.
1243 3725 1301 3801 Ac
1322 3725 1488 3821 quoniam
1508 3721 1595 3798 milri
1613 3747 1692 3798 cum
1712 3727 1778 3800 illo
1801 3750 1873 3803 nou
1891 3728 1952 3802 da·

755 3849 830 3901 tum
843 3825 907 3898 fuit
922 3823 1083 3919 pluribus
1098 3819 1275 3917 colloqui,
1292 3823 1474 3918 quodille,
1500 3816 1586 3915 (qui
1603 3823 1859 3915 negotiatorum
1875 3845 1953 3900 mot

745 3921 832 4015 ast)
858 3921 952 3998 abire
975 3919 1174 4011 festinaret,
1202 3918 1336 4017 recepit
1358 3939 1475 3996 tamen
1500 3919 1560 3993 vel
1578 3914 1614 3994 se
1635 3919 1681 3993 de
1706 3919 1870 3998 omuibut
1892 3941 1953 3998 co·

1873 4021 1956 4118 pio·
2113 4049 2127 4086 t

757 4213 785 4253 „
802 4191 858 4242 me
872 4169 1009 4257 questus
1021 4169 1069 4239 est
1080 4169 1253 4249 Frolear'at,
1272 4183 1429 4241 ormnem
1449 4187 1495 4240 ne
1513 4171 1687 4257 quidinde
1703 4172 1955 4262 turtureum(-

755 4301 781 4336 „
796 4265 897 4324 mimo
917 4255 1066 4332 nomini,
1086 4255 1304 4342 ejusdemque
1325 4255 1490 4342 operibus
1511 4257 1604 4342 apud
1620 4257 1847 4344 Anglicanam
1866 4277 1954 4346 gen·

754 4358 869 4420 „tem
890 4341 1083 4416 confletur,
1104 4340 1199 4438 quod
1219 4339 1278 4406 fibi
1298 4357 1437 4436 quoque
1460 4339 1670 4408 detrimento
1692 4339 1743 4407 stt.
1786 4339 1870 4409 Non
1889 4345 1955 4414 du·

753 4468 779 4501 ,‚
796 4427 871 4494 bito
892 4441 1005 4491 autem
1027 4421 1126 4490 fratri
1143 4425 1212 4492 hoc
1234 4441 1332 4506 aeque
1354 4421 1560 4509 displicere,
1583 4421 1621 4493 &
1642 4423 1735 4494 unde
1749 4421 1959 4501 nlenten·-

752 4550 778 4592 η
796 4525 852 4580 tot
872 4507 989 4578 nactus
1008 4505 1048 4577 fit
1068 4507 1216 4579 mirot.”
1239 4503 1322 4580 sore
1344 4523 1376 4578 a.
1394 4525 1429 4595 p.
1450 4511 1526 4595 384.
1547 4508 1616 4596 afir.
