4680 5828
622 618 682 705 ,ο
737 579 972 684 viotii
1000 605 1070 676 nn
1095 581 1362 678 nurui
1390 581 1773 685 zuictiumi

620 781 842 938 precumque
863 757 1048 838 oocafione
1062 761 1205 838 laudere
1238 760 1326 836 mihi
1340 767 1526 848 Memini
1551 767 1719 844 ex'toll'em
1735 769 1829 844 Bem-

646 885 721 949 inn,
745 883 895 956 quorum
947 857 1064 933 uidem
1092 859 1280 957 preconiis
1318 858 1485 958 refragari
1524 862 1686 938 dolebam
1709 873 1827 950 ,tum

622 965 713 1044 uero
729 951 902 1054 Errisinum
921 881 1093 1052 deprimet
1123 1001 1138 1044 ,
1160 949 1352 1053 dottosqne
1366 957 1463 1034 vitos
1480 975 1575 1032 mut
1592 957 1702 1058 Alpes
1716 958 1824 1038 flocci

624 1051 759 1140 iacere,
794 1053 996 1154 judicium,
1026 1077 1087 1134 eiu
1114 1053 1288 1139 donem,
1318 1053 1639 1150 humanitatemque
1681 1077 1824 1132 omnem

625 1153 697 1228 illis
726 1148 922 1228 detrahere.
974 1149 1086 1246 Quod
1119 1173 1188 1248 ego
1215 1148 1401 1226 devorare·
1415 1173 1486 1228 nou
1508 1145 1589 1227 satit
1613 1156 1736 1250 potui,
1759 1175 1827 1230 net:

628 1251 717 1324 mihi
765 1243 910 1324 deerant
951 1251 1104 1323 rationes
1116 1296 1129 1336 ‚
1163 1247 1292 1345 quibus
1330 1249 1457 1324 eavillr
1485 1244 1639 1346 ipsorum
1670 1247 1830 1325 confore·

629 1368 716 1422 rein.
767 1340 929 1422 Incendit
961 1365 1050 1419 vero
1087 1347 1180 1421 hauc
1210 1346 1470 1422 contentionem
1506 1344 1628 1422 odiosa
1669 1346 1829 1443 quedam

620 1440 813 1517 -biorofims
844 1445 995 1516 illorum
1045 1439 1138 1516 Nam
1170 1439 1196 1516 ii
1230 1443 1333 1539 quod
1361 1439 1457 1516 forte
1486 1441 1636 1518 uerbum
1668 1443 1830 1544 excidit,

659 1541 731 1613 uod
751 1539 804 1613 illi
826 1535 860 1612 se
882 1535 979 1635 apud
1006 1539 1183 1612 ciceronem
1207 1559 1245 1612 re
1271 1535 1368 1613 erllte
1386 1562 1459 1613 uon
1478 1539 1734 1628 meminerunt,
1759 1561 1832 1614 nou

629 1563 733 1710 secus
770 1635 1052 1722 tumultuantur,
1094 1651 1200 1729 quatu
1243 1561 1270 1704 si
1309 1635 1434 1730 ingene
1464 1635 1623 1742 ,aliquod
1660 1633 1832 1731 flagitium

632 1729 848 1808 commissum
873 1727 969 1806 esset.
994 1726 1072 1804 Iino
1091 1751 1135 1804 eit
1158 1730 1212 1802 liis
1228 1729 1370 1823 quidam
1383 1733 1572 1825 glorietur,
1595 1731 1832 1828 sea‘liquando

637 1831 819 1904 Hermanno
845 1823 942 1917 Friſsn
966 1845 1073 1922 caput
1094 1823 1178 1900 sella
1201 1819 1423 1911 demulsssse,
1445 1827 1542 1920 quod
1568 1831 1683 1902 aerior
1710 1826 1835 1902 deferi-

466 1935 609 2014 *Suppler
635 1926 734 2002 deret
751 1924 897 2000 verbum
913 1919 1091 2020 quoddam
1108 1922 1222 2004 minut
1246 1921 1491 1998 Ciceronianam.
1517 1921 1612 2012 Quir
1626 1941 1713 2014 uero
1736 1924 1757 1964 ¹*
1781 1922 1833 1998 fa·

463 2015 547 2076 ¹⁶¹⁸·
636 2025 806 2098 miliarem
833 2020 1046 2106 sermonem,
1071 2020 1133 2112 qui
1159 2016 1293 2091 solutus
1320 2018 1359 2091 dt
1383 2018 1470 2092 liber
1490 2018 1557 2093 effe
1581 2019 1712 2106 debet,
1737 2039 1835 2094 tunta

636 2117 875 2219 superstitione
892 2114 1085 2209 adstringi?
1109 2111 1228 2188 Ninnio
1249 2132 1369 2192 autem.
1387 2113 1436 2188 est
1452 2113 1645 2210 puerile&
1662 2113 1837 2191 scholasti·

638 2241 747 2303 cum,
771 2217 808 2289 in
824 2211 941 2302 medio
968 2211 1125 2296 sermone
1153 2213 1198 2284 de
1221 2210 1298 2284 eliis
1321 2208 1448 2296 rebus.
1471 2211 1521 2286 ob
1546 2211 1731 2286 verbulum
1761 2213 1837 2287 uni·

637 2337 721 2387 cum
744 2313 781 2386 in
802 2310 961 2386 acerbam
987 2303 1301 2403 repraehensioneru
1323 2318 1563 2403 prorumpere.
1612 2307 1694 2404 Ego
1717 2312 1838 2404 itique

640 2405 1109 2580 ¹²..
1132 2401 1532 2574 inm
1545 2401 1836 2478 ¹¹¹

641 2523 1073 2580 miieeamarae
1182 2523 1216 2572 m
1611 2523 1631 2574 e
1717 2522 1736 2572 e
1803 2523 1837 2571 m

643 2547 1841 2787 {eurumdemrueretrueret

644 2817 757 2869 meam
774 2793 818 2866 eb
844 2811 1008 2866 accurata
1032 2790 1171 2862 illorum
1190 2787 1360 2882 elegantia
1380 2787 1524 2860 nimium
1540 2784 1718 2878 dissidere,
1742 2807 1841 2886 prte-

645 2911 768 2968 rentur
788 2889 906 2984 itaque
921 2887 991 2962 boc
1011 2908 1065 2958 me
1092 2881 1158 2959 else
1176 2885 1274 2978 quod
1297 2880 1421 2970 essem,
1436 2884 1472 2956 id
1498 2883 1565 2971 est,
1590 2884 1762 2962 baberent
1785 2909 1841 2958 nie

532 3061 535 3068 Δ
647 2991 742 3063 inter
760 2987 954 3060 Bartholr'cot
973 2977 1261 3075 jurisconsultum
1284 2980 1365 3056 oiim
1389 2980 1481 3054 inter
1505 2975 1607 3076 Cruffi
1628 2983 1689 3056 vel
1717 2983 1840 3058 Steno-

646 3074 686 3157 sae
712 3081 784 3179 (5)
811 3079 999 3174 discipulos
1021 3081 1140 3152 locum
1170 3099 1350 3172 uunquam
1370 3072 1595 3149 ambivilsem.
1644 3075 1725 3152 Hac
1753 3095 1841 3151 vero

646 3174 869 3276 responsione
893 3171 1130 3269 conquievisse
1144 3173 1420 3247 mihivident'ur.
1445 3171 1526 3263 Jaut
1547 3171 1642 3245 enim
1660 3174 1842 3268 patiuntur

649 3299 709 3350 rne
727 3274 830 3347 etiarn
848 3269 998 3344 barbare
1026 3270 1157 3365 loqui,
1183 3269 1245 3364 qui
1268 3291 1370 3343 antea
1392 3290 1436 3340 ne
1460 3269 1567 3341 latine
1588 3269 1732 3363 quidem
1752 3267 1844 3345 fere·

648 3371 763 3457 bant,
789 3363 851 3441 nisi
869 3369 975 3440 etiam
999 3368 1206 3440 ciceronio).
1255 3364 1459 3438 Absurdum·
1476 3365 1570 3436 enirn
1591 3369 1727 3439 dutum
1742 3389 1845 3456 euru,

648 3469 713 3562 qui
733 3465 883 3560 studium
908 3463 1095 3537 cultiorum
1114 3463 1293 3536 literarum
1320 3459 1539 3557 profitetur,
1564 3459 1609 3534 ab
1630 3463 1770 3558 optimo
1787 3482 1846 3537 au-

651 3563 755 3638 thore
770 3561 951 3634 vellatum
969 3578 1120 3653 unguem
1135 3555 1319 3630 discedere.
1369 3555 1489 3631 Habes
1507 3557 1593 3653 quid
1613 3561 1698 3633 milii
1709 3578 1789 3634 cum
1808 3561 1849 3634 il·

648 3659 694 3731 lis
710 3657 922 3742 conveniat,
947 3677 1041 3728 nunc
1060 3673 1147 3746 quos
1172 3653 1368 3748 triumphos
1392 3673 1586 3748 apparent,
1610 3653 1765 3730 breviter
1787 3675 1847 3730 ex·

651 3777 793 3852 ponam.
843 3749 937 3826 cnm
959 3751 1082 3824 diebus
1102 3749 1325 3824 hilarioribus
1350 3751 1412 3845 qui
1430 3747 1739 3848 Quadragesimum
1753 3771 1847 3848 prae·

1769 3867 1850 3923 cur-

697 3967 713 4052 (
724 3963 766 4048 5)
788 3959 887 4046 Craffi
906 3959 961 4028 vel
971 3955 1136 4054 Staedolre]
1159 3953 1273 4054 Quem
1291 3957 1349 4024 hic
1372 3957 1512 4042 Crassior
1531 3959 1723 4028 indicatum
1741 3963 1848 4042 velit,
1975 3963 1979 3972 '

654 4067 727 4116 uon
751 4047 872 4129 liquet.
921 4043 1070 4109 Videtur
1097 4041 1281 4123 indigitare
1303 4041 1345 4107 L.
1370 4043 1513 4128 Crrffum
1536 4059 1730 4120 oratorem,
1749 4049 1850 4132 cujus

649 4133 686 4198 in
709 4129 807 4198 Bruto
832 4127 984 4226 §retrone
1004 4171 1025 4228 ,·
1042 4124 1091 4190 est
1115 4123 1368 4276 elepantill‘imn⁸
1381 4145 1462 4192 euni
1488 4126 1680 4223 Antonin&
1711 4129 1849 4225 Scaevola
1878 4177 1887 4188 .

648 4208 1490 4380 ⁹⁰‘⁰¹³²‘iimel'iidsi'enlssssoeeiiissfis
1516 4208 1850 4377 lllllt'rmlntl

647 4317 720 4448 ddi?
739 4315 834 4454 sursus,
860 4376 897 4446 δι
916 4377 998 4442 hinc
1011 4373 1146 4477 Stmvosu
1166 4374 1298 4477 ἀίἑζηε,
1324 4377 1428 4446 tiriae
1453 4338 1545 4444 edim
1559 4374 1676 4446 Graeci
1688 4375 1850 4448 studitam

642 4479 788 4539 rotant.
830 4461 907 4533 Car.
926 4457 1026 4545 Srepb.
1045 4479 1082 4526 nr·
1096 4457 1183 4527 Did.
1203 4457 1269 4544 nli.
