4680 5828
687 701 741 812 st
797 677 1034 790 vienn
1069 702 1136 774 m
1164 675 1427 777 Atera
1462 677 1830 780 amoenam

686 879 976 977 stramquidem‚
1000 874 1059 951 sed
1081 889 1288 952 tamennon
1310 876 1448 950 inanem
1470 891 1636 973 operam,
1682 877 1825 956 Graecia
1849 883 1890 958 li·
1951 937 1954 948 .

686 981 773 1052 neria
793 975 965 1072 impendit
978 999 999 1049 ε·
1014 971 1143 1069 quue
1158 973 1298 1048 nomine
1312 963 1421 1047 facila
1443 976 1572 1070 primae
1589 971 1648 1049 hic
1665 995 1784 1070 parter
1797 981 1891 1054 inter

689 1075 714 1151 S
742 1073 890 1147 mmiilas
909 1070 1099 1146 obtinebat.
1147 1069 1217 1143 Sed
1233 1092 1277 1144 eo
1296 1068 1446 1144 Romam
1489 1072 1599 1144 tidem
1618 1093 1769 1148 evocato
1787 1094 1892 1150 nemo

689 1097 805 1246 adbuc
834 1163 998 1242 suffectos
1032 1166 1100 1253 est,
1124 1165 1221 1262 cujus
1250 1163 1406 1241 doctrina
1484 1167 1630 1241 edicinae
1656 1169 1806 1244 stadium
1830 1171 1891 1247 bio

691 1264 895 1343 celebretur.
943 1263 1109 1337 Mcolaam
1125 1265 1332 1337 maiomam
1347 1259 1422 1358 (4)
1452 1260 1634 1376 superiore
1655 1288 1748 1343 anno
1762 1265 1828 1343 scit
1842 1287 1890 1343 ex

691 1361 852 1438 humanit
878 1355 1060 1434 discelsdl'e.
1110 1361 1262 1432 Lazarus
1280 1360 1467 1433 Bonamicus
1490 1361 1772 1438 mterliterarum
1793 1362 1892 1440 Lati·

694 1473 816 1534 aarum
834 1457 874 1533 dt
897 1456 1104 1531 Graecarom
1131 1451 1341 1551 professores
1366 1454 1549 1554 precipue
1575 1459 1764 1553 probatore
1788 1457 1847 1536 sed
1865 1481 1891 1534 a

563 1584 570 1594 ·
691 1574 765 1629 non
779 1557 829 1628 ita
844 1555 961 1626 multia
976 1554 1013 1624 in
1030 1549 1216 1626 factionem
1238 1550 1505 1625 Ciceronianam
1530 1551 1669 1630 devotis
1696 1575 1740 1630 ac
1755 1555 1890 1652 Juratit.

690 1649 772 1746 Qui
793 1651 852 1722 hic
877 1645 1065 1722 Patronem
1088 1647 1217 1720 babent
1233 1646 1364 1720 Petram
1385 1651 1563 1733 Bernbnm,
1589 1673 1693 1746 qoem
1720 1651 1823 1727 semel
1839 1673 1892 1725 at·

693 1771 763 1846 que
777 1749 901 1821 iterum
934 1742 1095 1818 salutavi:
1119 1742 1179 1817 sed
1198 1739 1343 1815 assuevit
1364 1744 1473 1836 magis
1493 1744 1615 1818 Italice
1641 1749 1763 1844 loqui,
1786 1769 1892 1845 atque

595 1883 599 1892 ·
694 1867 770 1918 eam
790 1843 837 1914 ob
858 1839 993 1917 causam
1014 1841 1126 1914 minus
1145 1839 1231 1912 mihi
1257 1835 1348 1934 saepe
1372 1841 1435 1911 illo
1459 1837 1531 1912 frui
1556 1842 1650 1914 licet.
1702 1846 1890 1937 Sucqnetam

693 1938 850 2014 nostrum
868 1939 941 2012 hut:
969 1936 1173 2012 tendentem
1199 1935 1356 2008 intellexi
1383 1933 1534 2008 Taurini
1571 1934 1759 2013 substitisse.
1809 1937 1892 2035 Ego

691 2057 775 2111 cum
793 2033 1000 2130 Augustanit
1019 2030 1294 2105 adolescentibus
1314 2027 1532 2126 splendidam
1555 2033 1614 2106 hic
1641 2036 1784 2108 domum
1808 2058 1893 2109 con·

698 2133 801 2215 duxi,
826 2151 908 2227 quae
923 2127 973 2202 est
1003 2127 1259 2208 Commmorum,
1285 2125 1329 2199 ab
1354 2126 1503 2202 aviculis
1526 2151 1720 2225 cognomen
1747 2129 1893 2206 babent.

693 2227 870 2310 Utinam,
894 2223 990 2319 quod
1010 2223 1153 2318 quidam
1170 2223 1230 2296 hic
1245 2220 1459 2318 sparserant,
1484 2223 1529 2298 ad
1547 2229 1639 2298 hanc
1667 2229 1791 2301 orbem
1822 2229 1895 2302 ani·

693 2347 788 2399 mum
810 2321 974 2396 haberes:
1001 2317 1133 2392 nostrat
1153 2317 1232 2392 sane
1257 2321 1351 2393 aedes
1381 2342 1454 2397 non
1476 2319 1706 2417 displicituras
1733 2324 1799 2398 tibi
1816 2322 1891 2420 spe·

692 2439 822 2496 tarem:
847 2418 885 2492 dt
904 2439 959 2490 me
977 2411 1182 2491 effesturum
1197 2409 1433 2504 confiderem,
1458 2435 1498 2490 ut
1521 2421 1616 2511 quod
1639 2417 1803 2514 Fuggtrus
1818 2421 1894 2492 Au·

692 2517 803 2613 gustae
819 2512 966 2599 obtulit,
993 2511 1053 2584 hic
1071 2510 1234 2605 praestare
1256 2531 1327 2582 non
1356 2515 1664 2605 gravareturzille
1691 2515 1782 2586 enim
1818 2537 1890 2588 non

695 2616 790 2688 aliud
809 2631 908 2706 teque
924 2626 1044 2704 optat,
1069 2606 1171 2703 quim
1188 2607 1233 2682 de
1249 2624 1285 2680 te
1301 2605 1405 2700 quim
1421 2607 1554 2703 optime
1577 2609 1711 2682 mereti.
1762 2607 1892 2684 Affinet

694 2708 801 2808 ipilut
826 2705 1025 2800 Rechlingert'
1042 2720 1110 2798 pro
1133 2701 1240 2776 salute
1262 2723 1283 2773 a
1311 2720 1347 2773 te
1369 2703 1549 2799 impertita
1570 2705 1737 2778 maximas
1759 2705 1891 2782 habent

685 2807 907 2973 'gratiativalc
924 2823 1068 2971 agapen}1
1088 2792 1480 2989 tpipmanriiaasfalusstgzac
1496 2801 1579 2874 laeta
1603 2821 1802 2898 precantur.
1826 2802 1892 2878 Pa·

692 2923 780 2980 rava
899 2950 909 2970 .
1002 2919 1080 2970 en.
1136 2917 1223 2971 eru
1434 2947 1445 2972 .

690 3105 695 3114 ‘
733 3097 802 3198 (¹4)
825 3095 991 3164 Nicolaum
1011 3091 1232 3196 ¹Leonnatum]
1255 3092 1289 3160 le
1316 3103 1391 3190 erat
1415 3090 1540 3195 ltalpe,
1567 3092 1803 3174 Vicentinas',
1833 3098 1892 3182 qui

694 3185 798 3262 nbat,
819 3198 892 3248 non
914 3174 1382 3264 supenortanm,utscrrb1t
1406 3174 1545 3260 tegnas,
1580 3177 1638 3246 sed
1665 3191 1747 3246 ante
1771 3179 1892 3248 otten-

695 3269 808 3342 nium,
827 3281 953 3346 nempe
975 3261 1106 3412 dgunii
1131 3276 1226 3347 1524.
1246 3261 1300 3327 uti
1323 3258 1403 3345 lego
1434 3259 1527 3344 apud
1549 3259 1674 3330 Gallias.
1693 3261 1840 3329 Budaeam
1859 3272 1892 3332 ιη

695 3349 858 3419 Thamna
878 3353 929 3426 in;
950 3343 987 3414 δι

696 3435 785 3504 Caesit'
807 3367 983 3513 cainum
1024 3446 1078 3493 uae
1105 3425 1154 3496 est
1180 3428 1274 3526 inter
1303 3425 1377 3524 suas
1398 3443 1473 3510 750.
1516 3427 1576 3496 abi
1620 3429 1696 3526 ‘ide
1723 3431 1792 3499 col.
1836 3438 1889 3503 81.

696 3557 723 3596 „
740 3514 835 3592 Fuit,
869 3517 968 3610 imqnit
1000 3447 1148 3606 dudem,
1162 3523 1269 3608 ,enter
1293 3528 1425 3595 primos
1460 3508 1498 3580 δι
1549 3529 1719 3600 raecrpuos
1742 3516 1893 3598 purioris

695 3640 721 3678 ,,
738 3591 1225 3692 εὴςιιιιιοτιειιιιειιιεὼειιιιε
1238 3594 1425 3692 ¹adsertores
1452 3529 1626 3692 &dasem
1659 3598 1889 3682 interpretes,

683 3724 721 3794 Ι,,
737 3677 1419 3847 iraeclasmderfflmssffdffffl{ffzs'm‘ffi
1426 3695 1525 3827 aprime
1544 3678 1720 3828 steixaginta
1736 3685 1888 3831 tamplius

679 3805 722 3926 1:
738 3781 1019 3946 diffidifqdim
1044 3805 1295 3929 profitebatur,
1317 3843 1387 3994 ipse
1413 3779 1734 3925 tlonradicclcceurreta,r
1751 3783 1892 3946 iffi-

695 3925 1047 4083 attestanti.
1062 3927 1855 4098 litatem..sact‘malnnfflea
1868 3935 1890 3970 ''

741 4103 802 4165 'nus
825 4097 885 4164 cit.
908 4095 974 4162 ait:
1001 4091 1114 4181 deteffir
1136 4099 1205 4175 jam
1222 4111 1314 4180 prope
1340 4101 1532 4162 cernennentes.
1573 4096 1650 4183 Jam
1676 4065 1769 4164 anno
1793 4041 1888 4186 1513.

724 4181 841 4276 rofnms
868 4197 948 4247 eum
980 4177 1026 4247 de
1052 4176 1255 4258 radicavit,
1273 4177 1373 4264 senem
1402 4177 1629 4252 immortalitate
1666 4181 1801 4266 digmm.
1840 4185 1891 4258 V.

1027 3361 1159 3412 canno
1180 3343 1320 3428 quidem
1338 3357 1436 3428 patet
1457 3343 1549 3429 apud
1568 3343 1730 3496 Erp'smum
1753 3353 1786 3412 m
1806 3347 1891 3502 epesi.

1774 4627 1891 4735 EP1÷
