4742 5814
597 721 598 734 ψ
679 596 762 694 228
790 575 1031 688 Vlutn
1059 611 1126 678 m
1154 583 1411 678 nuTTn
1446 525 1816 683 antumant

677 777 792 870 deas,
824 801 865 856 ac
891 773 1081 868 Carmina,
1114 801 1193 876 quae
1217 781 1275 852 ille
1298 781 1436 876 juvenis
1457 783 1605 877 piurima
1624 781 1879 879 elegantissirnass

681 895 752 972 que
775 875 883 959 lusit,
913 879 951 948 in
979 901 1085 949 unum
1111 882 1272 950 volumen
1301 880 1444 970 colligas
1480 903 1495 974 t
1523 879 1644 974 pisque
1673 877 1878 951 excudenda

680 975 899 1048 committere
915 972 1082 1046 statueris.
1135 969 1283 1068 Scripsit
1302 975 1345 1045 ad
1359 997 1414 1044 me
1437 997 1482 1045 ex
1495 905 1733 1069 iiiturigibus,
1756 973 1791 1044 in
1809 977 1879 1046 cla·

681 1066 797 1143 rifflmi
821 1069 970 1164 parentis
1006 1069 1112 1143 vestri
1139 1090 1287 1144 mortem
1317 1073 1427 1141 multo
1461 1068 1686 1142 doiiiffimum
1718 1091 1876 1142 carmen:

682 1160 763 1240 idfi
782 1166 872 1236 inter
891 1168 963 1259 ejus
980 1163 1122 1238 schedas
1141 1187 1211 1235 non
1228 1167 1420 1258 repereris,
1444 1166 1666 1260 perlubenter
1685 1166 1728 1238 ad
1746 1186 1781 1237 te
1799 1167 1879 1238 mit·

683 1279 776 1344 tam,
801 1259 1011 1344 noiimenim
1028 1265 1099 1356 ejus
1117 1260 1302 1355 quiequam
1321 1261 1444 1356 perire.
1494 1259 1553 1334 De
1566 1259 1760 1356 Epitaphio
1789 1261 1881 1332 Mori

684 1376 789 1440 ¹atatea
821 1359 864 1430 ad
890 1379 924 1428 te
952 1355 1079 1452 scripfi.
1137 1351 1300 1429 Naeniam
1326 1377 1419 1429 tuarn
1452 1377 1540 1452 rogo
1567 1377 1605 1428 ut
1631 1355 1879 1430 communicer.

687 1451 835 1525 Utinam
861 1451 950 1525 vern
979 1450 1085 1525 simile
1113 1452 1244 1546 aliquid
1272 1453 1343 1547 ejus
1369 1451 1525 1526 manibus
1561 1474 1700 1548 perure
1724 1451 1879 1546 praestari

686 1545 812 1646 poss'et.
863 1547 973 1636 Quod
998 1547 1078 1622 cium
1106 1551 1166 1622 ilia
1189 1545 1303 1620 nostra
1330 1545 1565 1635 familiaritas,
1586 1557 1669 1643 quae
1693 1551 1777 1620 mihi
1800 1569 1882 1620 curn

686 1647 773 1718 vivo
792 1641 858 1717 fuit
870 1693 883 1730 ,
908 1645 1082 1738 requirit,
1107 1662 1182 1718 tum
1204 1646 1331 1716 mortui
1354 1645 1457 1717 amici
1477 1643 1589 1718 minus
1612 1647 1697 1718 mihi
1718 1644 1810 1717 triste
1826 1644 1884 1716 de·

533 1797 542 1808 .
688 1739 849 1814 fidetium
870 1737 1052 1824 redderet,
1080 1735 1173 1822 ii'eo
1196 1739 1359 1815 videlicet
1386 1731 1494 1816 modo
1519 1739 1646 1814 debitae
1662 1763 1700 1812 er
1725 1733 1884 1814 adefun·
1928 1767 1931 1772 ·

512 2273 636 2348 ax'ro·

513 2383 562 2424 ruo
576 2361 619 2422 11.

513 2441 568 2502 fol.
590 2454 657 2516 399.

512 2519 577 2584 vso.

436 2831 444 2840 .
542 2769 648 2860 1536.

688 1833 783 1910 &tutu
806 1836 927 1930 pietati
950 1833 1145 1914 satisfeciiie
1166 1887 1176 1920 ,
1196 1835 1355 1931 justaque
1383 1857 1438 1908 me
1465 1838 1497 1908 ei
1524 1834 1670 1930 persolv·
1703 1860 1722 1908 e
1747 1833 1885 1929 persua·

690 1933 772 2006 dere
791 1932 876 2004 mihi
903 1927 1046 2024 poffem.
1095 1931 1192 2006 Bene
1215 1932 1294 2006 vale
1320 1931 1414 2004 Mari
1439 1931 1639 2007 chariffime.
1688 1930 1801 2028 Spirae
1826 1951 1883 2003 20.

691 2026 906 2104 Novembris
936 2032 1051 2121 1536.¹
1101 2037 1137 2048 ··

868 2259 1438 2370 aptsuotn
1509 2260 1642 2354 xc.

788 2499 1260 2600 tunovtuo
1323 2499 1790 2624 caninum.
1874 2531 1877 2540 ι

693 2737 828 2840 Pauci
853 2739 1045 2828 bonarum
1065 2739 1274 2829 literarum
1293 2739 1527 2858 profeffores
1544 2737 1729 2830 lovanii.
1791 2741 1889 2832 Con·

752 2856 843 2946 radi
900 2854 1078 2944 Goelenii
1130 2856 1289 2943 docendi
1338 2865 1532 2944 rationem
1580 2853 1736 2970 probat.
1802 2856 1891 2944 Pro

753 2968 982 3104 instituendo
1025 2965 1222 3056 Marthae
1262 2966 1502 3058 Hermanno
1539 2965 1737 3076 confilium
1765 2965 1890 3084 suum

753 3103 904 3198 aperit.
1801 3148 1803 3152 Α
1866 3131 1870 3136 ·

699 3309 849 3481 Bitias
869 3307 1000 3396 abste,
1027 3311 1142 3382 Carine
1159 3305 1367 3394 doiiiffime,
1391 3307 1508 3383 literas
1524 3307 1647 3404 accepi
1665 3305 1790 3382 eodem
1807 3323 1892 3381 tem-

793 3427 900 3500 pore,
926 3404 1176 3498 &quanquam
1208 3429 1279 3479 non
1306 3427 1396 3500 opus
1423 3423 1495 3478 erat
1521 3407 1616 3500 apud
1649 3427 1704 3476 me
1735 3403 1799 3478 ista
1825 3425 1895 3477 tam

702 3505 806 3616 anxia
827 3499 951 3575 filentii
976 3503 1029 3576 tui
1057 3500 1307 3576 excusatione?
1341 3497 1422 3575 ciam
1445 3518 1559 3574 tamen
1586 3521 1652 3599 pro
1683 3503 1761 3575 unis
1786 3502 1896 3574 literis

1790 3595 1897 3696 iisque

746 3785 812 3938 qr)
836 3787 993 3855 Ludovieo
1024 3781 1160 3870 Carino]
1179 3783 1264 3851 Erat
1293 3821 1318 3861 η
1334 3783 1519 3853 Helvetiur
1544 3787 1704 3865 natione,
1726 3803 1768 3855 ac
1788 3789 1898 3872 patria

705 3913 731 3952 „
778 3889 945 3950 ucernas,
979 3869 1039 3935 ubi
1063 3869 1145 3934 oiim
1171 3870 1321 3935 obtinuit
1341 3871 1595 3939 canonicatum.
1637 3870 1707 3938 Sed
1738 3874 1899 3955 quoniam

707 3999 733 4034 „
748 3953 898 4024 visusest
912 3952 1010 4018 novis
1029 3951 1141 4029 sestis,
1159 3953 1315 4100 quasilla
1332 3951 1432 4038 Resp.
1452 3971 1522 4019 non
1542 3955 1712 4032 admittit,
1732 3956 1901 4024 addistior

706 4081 733 4119 „
750 4036 835 4114 ess'e,
851 4035 969 4104 audivi
984 4037 1052 4104 hoc
1067 4035 1157 4104 bene
1182 4037 1238 4102 cio
1254 4053 1333 4103 curn
1349 4035 1444 4104 fuiffe
1461 4037 1646 4121 privatum.
1669 4037 1796 4119 Erasmo
1816 4042 1899 4106 olim

708 4164 735 4200 „
751 4121 818 4187 fuit
845 4119 988 4196 charus,
1006 4117 1064 4186 sed
1087 4117 1145 4186 sex
1170 4119 1249 4188 sunt
1275 4121 1370 4195 anni,
1391 4123 1485 4204 quod
1505 4121 1691 4206 gravissima
1715 4121 1901 4188 intercessit

707 4203 940 4284 „inimicitia
963 4201 1107 4272 Causam
1125 4217 1200 4270 earn
1221 4203 1285 4272 effe
1295 4202 1468 4282 intellexi,
1487 4203 1581 4289 quod
1599 4203 1749 4278 Carinus,
1763 4203 1905 4290 Noscito,—

709 4329 736 4365 „
753 4291 850 4356 cu'us
861 4285 932 4371 ipse
941 4285 1056 4354 fuerat
1070 4283 1271 4370 discipulus,
1292 4288 1447 4372 graviter
1459 4288 1595 4356 ferebat
1608 4286 1651 4354 ab
1664 4283 1789 4371 Erusnm
1812 4303 1902 4354 non-

706 4409 735 4452 „
750 4307 838 4441 niiil
852 4371 910 4452 cul
936 4389 966 4436 ae
990 4367 1120 4437 afferibi
1141 4369 1237 4438 circa
1252 4369 1363 4439 Serucae
1383 4371 1681 4448 emendationem,
1730 4386 1810 4436 uam
1829 4369 1903 4440 Ne·

706 4454 833 4546 „suus
849 4453 901 4527 ab*
960 4451 1041 4542 asna
1058 4453 1270 4532 oommiffam
1296 4454 1533 4545 indiligentius
1558 4451 1697 4542 prusti·
1725 4454 1908 4610 edicatque

1793 4578 1820 4622 rr
1874 4558 1905 4610 Γ·
