4742 5814
572 594 764 702 EPIST.
803 595 1112 695 SELECTAE
1142 611 1210 690 Ad
1239 597 1572 704 DIVERSOS.
1629 645 1712 734 233

504 777 688 894 imperiose
728 773 948 886 municipalia
1022 770 1178 886 otestatia
1219 794 1395 886 praetextu
1422 775 1515 852 suam
1544 804 1707 863 exercere

501 869 1001 1072 atramentali
1016 871 1706 1080 trtaataeaarittt

499 1073 632 1170 gitimae
655 1073 694 1146 bt
719 1067 890 1142 Cesarea
913 1065 1095 1164 potestatis
1113 1087 1149 1138 tn
1177 1063 1230 1150 se,
1256 1066 1363 1162 aqua
1385 1065 1538 1165 ipsorum
1557 1095 1699 1174 quoque

498 1169 613 1246 omnis
631 1159 766 1242 fenilio
783 1179 887 1262 atque
908 1161 1121 1248 authoritas,
1146 1157 1170 1234 li
1192 1159 1287 1238 reike
1308 1185 1381 1236 rem
1406 1169 1627 1260 perpendere
1652 1176 1696 1248 li.

495 1267 591 1355 bet,
623 1268 667 1340 de
695 1263 828 1351 endet,
861 1263 951 1336 adeo
973 1282 1097 1356 parum
1121 1261 1363 1343 meminerint,
1396 1263 1612 1341 rationemve
1633 1269 1695 1343 ha·

495 1365 613 1478 beant.
665 1287 738 1436 geo
755 1361 799 1472 ad
818 1355 984 1474 bacillos
1001 1353 1131 1467 scilicet
1148 1355 1375 1451 Euangelicae
1391 1356 1612 1472 conscientiae
1624 1362 1695 1462 spi.

494 1451 1287 1646 {illlallalllarlllalla
1306 1455 1715 1650 libellaria-“ll

490 1653 598 1730 rebus
615 1650 817 1749 susceptus,
843 1667 946 1744 qnam
968 1643 1071 1718 stulta
1087 1645 1124 1720 δι
1149 1667 1316 1741 arrogans
1342 1651 1539 1739 temeritas,
1562 1652 1611 1725 ita
1635 1655 1688 1730 vi.

490 1749 620 1826 delicet
637 1751 789 1823 animum
814 1742 1000 1819 obfirmare
1017 1739 1135 1828 suum,
1161 1759 1201 1815 ut
1225 1740 1287 1814 nili
1330 1746 1401 1818 uod
1424 1743 1488 1842 ipsi
1513 1745 1685 1842 sentiunt,

484 1848 575 1924 nibil
598 1844 730 1922 rebium
756 1860 906 1943 putent,
930 1839 1056 1936 suaque
1081 1834 1173 1912 dicia
1199 1835 1239 1912 dt
1261 1766 1353 1913 faga
1374 1837 1447 1915 sola
1468 1844 1580 1930 tella,
1604 1849 1684 1941 pia,

417 1949 425 1962 '
486 1943 525 2020 bt
542 1945 662 2020 divina
678 1942 767 2030 lint,
792 1959 1001 2016 ‹mterorum
1029 1935 1116 2012 verb
1141 1959 1214 2012 non
1240 1933 1312 2011 fine
1337 1957 1461 2033 magna
1482 1939 1617 2017 ratione
1645 1942 1684 2022 dc

484 2043 696 2118 authoritate
730 2061 841 2115 conce
869 2056 916 2110 tae
950 2033 1164 2128 opiniones,
1197 2033 1284 2105 nihil
1314 2029 1377 2108 nist
1401 2035 1487 2107 meri
1519 2057 1680 2130 errores,

484 2135 727 2234 blasphemie,
760 2136 799 2212 δι
813 2059 1101 2243 ,abominationes
1131 2127 1336 2203 habeantur.
1385 2125 1493 2204 Unde
1519 2135 1606 2208 mihi
1626 2140 1679 2212 vi.

484 2235 615 2321 det-ur,
640 2231 738 2328 quod
757 2231 884 2304 viuum
907 2227 1014 2312 illud,
1039 2247 1111 2320 quo
1133 2245 1236 2300 vetus
1265 2225 1446 2301 laborabat
1473 2223 1679 2329 Theologu-

480 2352 562 2407 rum
589 2330 877 2411 Monachorum,
903 2321 941 2398 δι
966 2319 1216 2414 Magistrotum
1241 2323 1436 2396 nostrorum
1459 2322 1612 2414 Schola,
1637 2349 1678 2404 ut

479 2425 653 2528 quicquid
670 2426 738 2499 illis
762 2421 984 2535 displiceret,
1006 2411 1263 2516 scandalosum,
1285 2419 1512 2509 haereticum,
1539 2421 1676 2500 offenss-

481 2548 565 2601 vum
588 2525 727 2621 piarum
752 2541 888 2596 aurium
903 2515 973 2591 &c
1000 2511 1107 2588 effer:
1131 2535 1225 2589 nunc
1240 2519 1370 2612 majore
1390 2525 1676 2614 prope-temeri-

480 2641 554 2700 tate
572 2643 614 2697 ac
632 2617 820 2716 tyrannide
834 2612 879 2689 ab
901 2611 974 2688 istie
991 2607 1187 2705 usurpetur.
1236 2609 1291 2688 Ac
1310 2609 1439 2686 saadto
1453 2613 1520 2689 illis
1538 2633 1674 2694 certum

477 2717 550 2807 est,
573 2740 645 2793 nou
669 2705 766 2813 polle
789 2711 824 2788 se
846 2733 985 2794 errare,
1010 2707 1097 2806 qtuid
1120 2709 1309 2782 inclamant
1332 2707 1487 2784 Concilii
1510 2711 1673 2790 determi-

477 2817 675 2902 nationem,
689 2813 749 2889 cui
759 2831 859 2907 aeque
872 2823 945 2882 non
959 2801 1026 2880 fint
1041 2805 1340 2900 obtemperaturi,
1359 2804 1438 2880 cum
1455 2809 1558 2882 etiam
1576 2829 1672 2884 nunc

383 2933 387 2938 ·
472 2907 582 2990 tacite
609 2909 809 2988 Concilium
832 2902 991 2980 detestari
1012 2901 1227 2992 videantur,
1253 2897 1394 3069 efflue
1412 2909 1672 3000 provocatione

472 3011 518 3085 ad
1344 2999 1516 3076 rnalkalda
1541 3023 1671 3079 novam
1727 2997 1733 3010 ’

470 3032 588 3181 111ῐὲ111
612 3099 763 3201 parturit
788 3091 1019 3195 tragaediam,
1044 3117 1086 3168 ac
1109 3093 1248 3188 judicio
1270 3089 1428 3170 Camerae
1449 3098 1523 3170 dira
1542 3095 1667 3176 Prote·

470 3203 598 3278 lbntet
623 3203 798 3275 minantur
809 3244 822 3284 ,
846 3189 944 3291 quod
970 3191 1025 3286 ad⁸
1039 3192 1193 3266 violenta
1217 3209 1340 3264 eorum
1356 3189 1398 3266 de
1413 3184 1664 3272 Eccleliasticis

470 3299 574 3374 rebus
593 3295 704 3394 spolia
720 3293 909 3370 connivere
924 3285 1093 3362 babienus
1111 3313 1182 3365 non
1205 3289 1377 3384 potuerit.
1426 3286 1592 3380 Quorum
1611 3293 1662 3367 ita

464 3396 536 3492 jam
562 3393 712 3470 increvit
729 3385 820 3466 cons
839 3385 961 3474 iratio,
982 3404 1023 3461 ut
1038 3384 1132 3460 bisce
1147 3381 1336 3480 praesertim
1354 3389 1569 3482 temporibus
1580 3387 1660 3463 (ἰκ-

462 3493 574 3568 sarem
590 3513 631 3566 ac
647 3485 783 3585 Regem
828 3482 989 3568 rancico,
1012 3479 1241 3575 Turcicoque
1256 3481 1348 3554 bello
1366 3482 1572 3578 impeditos,
1598 3506 1659 3559 eo.

462 3609 542 3664 rum
557 3585 739 3662 conatibus
761 3583 887 3658 cedere
913 3599 1030 3676 prope
1052 3575 1094 3650 lit
1113 3573 1255 3653 neceffe.
1289 3573 1374 3666 Qua
1395 3575 1547 3654 incauli
1571 3581 1655 3678 quid

464 3681 604 3761 efficere
626 3679 743 3754 valeat
767 3677 815 3752 D.
838 3675 976 3750 Mathia
999 3675 1152 3769 legatio,
1180 3669 1311 3766 tuipse
1332 3671 1435 3747 facle
1460 3677 1653 3771 conjeliare

459 3801 579 3878 poree.
627 3773 729 3852 Vale.
755 3769 869 3873 Spirae
895 3795 950 3847 11.
974 3767 1156 3846 Februarii
1181 3787 1285 3864 1537.

563 3009 711 3082 uandam
729 2996 1094 3110 honestatitlpeciem
1120 3017 1263 3074 utantur

458 3977 521 4058 „a
566 3955 619 4056 ιζ’
648 3953 703 4024 Ex
723 3951 824 4105 83111
846 3947 1094 4050 rmFebruarii
1114 3962 1210 4038 1537.
1231 3943 1314 4016 rom.
1335 3965 1365 4032 3.
1381 3963 1417 4033 p.
1438 3948 1471 4019 6.
1494 3946 1529 4046 ἐξ
1549 3965 1581 4035 7.
1604 3949 1648 4022 V.

456 4041 519 4110 mt'.
582 4040 747 4144 diploma
775 4037 879 4142 „Gem
915 4049 973 4140 um
987 4033 1429 4117 Hermannumdatam14
1449 4032 1531 4100 Man
1553 4049 1647 4136 1537..

451 4119 860 4297 ,a
879 4114 1341 4290 attritione
1355 4115 1644 4201 elau

435 4550 440 4576 ¹
496 4553 650 4636 Tenedi
1079 4543 1153 4652 ῦς
1534 4525 1649 4631 Epir
