4882 5804
562 625 756 728 nursu.
784 625 1091 728 sennenn
1117 627 1207 725 An
1234 629 1560 766 nrvnnson
1602 671 1681 764 193

482 831 577 910 haud
600 833 630 909 is
645 829 817 909 successus
832 825 938 920 esset,
962 851 1065 928 quern
1082 850 1184 907 vetus
1201 849 1262 908 tua
1292 857 1374 932 erga
1391 857 1446 912 me
1465 837 1676 920 benevolen-

482 931 531 1006 tia
546 928 666 1006 audire
689 926 835 1006 sorsstan
861 927 1080 1003 desideraret
1130 928 1290 1006 Tandem
1311 951 1426 1008 tamen
1448 935 1508 1010 illa
1533 939 1674 1016 Anaba-

478 1027 660 1123 ptistarum
678 1045 749 1102 tem
776 1025 862 1101 estas
878 1027 1018 1100 videtur
1042 1025 1256 1120 aliquantum
1280 1027 1478 1106 consedisse.
1526 1034 1576 1108 Et
1603 1061 1671 1134 ego

478 1145 590 1292 ιιιιίριι
614 1123 659 1196 ad
790 1125 905 1196 orium
929 1141 1054 1196 munus
1076 1123 1111 1194 in
1135 1121 1313 1219 Imperiali
1337 1125 1500 1219 Judicio,
1526 1131 1672 1210 Caesaris

477 1221 515 1316 ip
531 1245 585 1294 rus
601 1217 794 1315 spontaneo
812 1218 934 1296 favore
956 1217 1178 1315 protessus,¹
1191 1221 1299 1317 pauld
1330 1224 1448 1297 melius
1481 1227 1526 1299 de
1549 1229 1669 1306 studiis

475 1317 560 1390 meis
585 1314 723 1414 sperare
746 1315 849 1412 coepi.
898 1313 983 1390 Hoc
1013 1309 1155 1392 forsitan
1186 1337 1223 1392 te
1248 1339 1319 1392 non
1355 1317 1438 1415 palli
1460 1319 1537 1398 suut
1559 1327 1669 1404 latere

476 1413 592 1486 ileon
620 1430 867 1488 conterraneus
893 1435 1017 1499 meus,
1049 1412 1088 1486 dt
1112 1413 1296 1505 franciscus
1318 1416 1485 1509 Rupilius,
1516 1443 1667 1517 quorum

474 1528 556 1584 uter
582 1532 626 1583 ue
642 1509 695 1584 tui
711 1507 1041 1594 observantilsrmus,
1066 1527 1108 1581 ae
1124 1509 1191 1582 mei
1210 1509 1312 1583 etiam
1331 1509 1566 1590 amantisimus
1583 1517 1666 1593 sern-

475 1617 540 1700 per
594 1608 632 1680 it.
681 1605 833 1681 Proinde
855 1606 941 1678 mibi
964 1601 1157 1700 persuasum
1184 1605 1323 1693 babeo,
1348 1628 1387 1681 ut
1402 1630 1533 1702 quanto
1555 1619 1665 1710 magis

474 1699 559 1775 disci
587 1703 754 1798 olicino,
784 1702 846 1798 qui
882 1703 936 1776 tui
963 1701 1031 1776 fnit
1053 1698 1185 1796 semper
1207 1699 1477 1790 studiofilsrmus,
1512 1708 1665 1786 successu

474 1724 652 1894 gavisurus
673 1795 737 1888 se,
763 1819 864 1874 tanto
888 1799 940 1870 illi
962 1799 1076 1872 minus
1097 1797 1136 1870 id
1166 1817 1201 1870 te
1226 1799 1339 1872 celare
1392 1803 1555 1878 otuerint
1605 1808 1664 1884 Eu

473 1913 554 1968 meo
569 1915 682 1968 autem
699 1893 837 1981 animo,
862 1893 1093 1968 colendissimo
1116 1913 1335 1990 praeceptor,
1416 1917 1513 1972 tuum
1527 1901 1662 1995 judico.

473 1987 567 2065 Puto
595 1992 714 2076 enim,
747 1989 829 2066 cium
854 2011 923 2087 ego
945 2005 981 2064 te
1011 1991 1190 2086 praecipue
1211 2011 1322 2064 amem
1347 2013 1389 2064 ac
1417 2016 1586 2090 venerer,
1609 2023 1665 2076 me

475 2105 575 2160 tuum
600 2085 743 2160 vicisim
767 2109 923 2161 amorem
945 2087 1151 2180 promereri.
1198 2083 1292 2158 Illud
1326 2085 1411 2161 verd
1436 2089 1600 2185 majorem
1626 2099 1664 2171 in

475 2183 617 2256 modum
640 2182 800 2278 gaudeo,
825 2204 867 2255 ac
886 2179 1010 2256 studiis
1029 2177 1343 2276 Jurisprudentiae,
1367 2205 1411 2256 eo
1432 2211 1574 2285 quoque
1601 2215 1666 2268 no·

474 2279 569 2354 mine
583 2279 754 2375 gramlor,
782 2278 878 2374 quud
898 2299 970 2352 non
988 2297 1175 2351 contentus
1188 2299 1229 2349 ea
1244 2275 1374 2373 gloria,
1397 2301 1503 2376 quam
1519 2285 1584 2359 tibi
1599 2312 1664 2387 per

471 2375 640 2469 preclara
678 2391 901 2448 monumenta
931 2369 1237 2468 celeberrimosque
1269 2375 1507 2469 praelesiiones
1535 2383 1666 2462 dudum

473 2469 703 2584 comparasti,
727 2471 1004 2570 pulcherrImum
1018 2467 1210 2543 infuturum
1224 2465 1446 2580 sunniacum
1468 2479 1665 2578 laudepro-

473 2567 569 2666 sequi
584 2588 729 2664 pergas,
753 2589 820 2644 nee
842 2581 975 2650 tantum
1004 2563 1048 2639 ad
1076 2586 1195 2677 ueram
1215 2563 1529 2678 jurisprudentiam
1552 2582 1665 2656 aetads

473 2665 598 2739 nostrae
616 2665 756 2759 ingenia
781 2663 971 2753 traducas,
1003 2683 1044 2736 ac
1067 2681 1152 2737 vrva
1174 2663 1450 2762 quoudrauaque
1474 2693 1566 2746 voce
1591 2675 1664 2750 for·

473 2783 568 2847 mes,
593 2762 832 2836 verumetiam
849 2757 931 2836 cum
944 2757 1047 2834 nobis
1063 2758 1277 2833 anditonbus
1297 2759 1381 2838 oiim
1402 2765 1493 2854 tuis,
1517 2771 1577 2866 qui
1596 2773 1663 2847 Le.
1697 2792 1701 2800 ⁴

474 2858 589 2934 &ione
614 2853 820 2955 scriptorum
836 2875 977 2930 tuorum
1002 2852 1116 2930 satiari
1146 2877 1324 2952 nunquam
1351 2859 1553 2955 possumus,
1589 2891 1664 2944 tum
1707 2919 1716 2942 .

473 2951 606 3032 mettis
635 2974 774 3052 quaque
794 2972 965 3027 terrarum
980 2949 1273 3026 commorantibus
1296 2957 1358 3049 qui
1376 2955 1471 3048 Juris
1495 2961 1573 3036 sunt
1593 2967 1662 3040 stu·

473 3049 585 3136 diofi,
619 3047 767 3160 posteris
800 3049 951 3143 denique
985 3047 1146 3123 omnibus
1178 3072 1357 3132 noverum,
1383 3055 1663 3142 lucubrationum

468 3143 604 3221 smnus
622 3145 794 3244 impertiri
809 3143 995 3220 mediteris.
1043 3141 1094 3218 Et
1111 3169 1308 3243 quanquam
1322 3149 1358 3221 id
1376 3146 1479 3226 scium
1496 3175 1529 3228 te
1546 3155 1663 3234 facere

470 3239 608 3326 sedulo.
632 3264 711 3337 quae
731 3267 808 3320 mea
825 3261 938 3317 umen
955 3236 1004 3315 est
1020 3239 1158 3339 privata
1172 3265 1311 3316 tuorum
1327 3242 1535 3344 scriptorum
1553 3253 1662 3330 avidi·

470 3359 542 3430 tae,
565 3359 635 3410 nun
650 3338 785 3433 possum
799 3338 976 3425 omittere,
1001 3339 1086 3434 quin
1104 3357 1137 3413 te
1164 3339 1326 3414 exhorter
1347 3365 1389 3418 ac
1406 3345 1604 3436 obsecrem,
1620 3373 1662 3428 nt

471 3457 515 3510 ea
538 3437 703 3524 maturius
718 3433 931 3525 enitescunt,
955 3455 1000 3506 ne
1016 3436 1102 3532 quid
1114 3457 1149 3510 te
1166 3457 1271 3508 novae
1286 3436 1378 3515 istius
1395 3443 1553 3536 haeresis,
1578 3471 1660 3545 quae

469 3533 507 3604 in
523 3529 624 3603 Italia
636 3531 772 3627 pridem
786 3550 908 3608 exorta
931 3531 1000 3615 est,
1022 3531 1275 3617 insimulemus,
1299 3535 1481 3629 videlicet,
1507 3565 1546 3615 ut
1563 3545 1660 3640 quod

325 3661 329 3670 ·
470 3627 627 3700 Horatius
649 3627 771 3702 Poe'tis
789 3623 1015 3792 praescriflfiu
1038 3649 1079 3701 nt
1101 3651 1231 3702 novum
1250 3651 1340 3724 opus
1370 3656 1500 3708 novum
1524 3661 1659 3733 prema·
1804 3667 1811 3692 ’-

471 3743 528 3800 tur
552 3723 752 3811 intumum,
783 3723 820 3796 id
841 3723 927 3796 illii
960 3721 1016 3796 bic
1048 3746 1149 3797 omne
1177 3747 1285 3820 genus
1309 3723 1479 3805 scribendi
1508 3735 1658 3810 trahant.

470 3821 562 3896 Cum
581 3821 651 3894 boc
675 3841 747 3894 uno
773 3817 809 3892 se
835 3814 996 3914 praestare
1024 3819 1187 3916 Protogeni
1220 3819 1342 3914 Apelles
1368 3825 1522 3914 diceret,
1556 3831 1657 3926 quod

469 3939 608 3991 manum
634 3915 695 3990 ille
726 3918 771 3991 de
805 3915 920 3988 tabula
959 3911 1104 3989 nesciret
1128 3917 1261 3991 tollere.
1312 3915 1468 4006 Quando
1495 3950 1584 4024 ergo
1616 3952 1658 4003 tu

474 4011 513 4082 eui
535 4013 668 4105 origem
697 4009 829 4086 defines
857 4006 1056 4106 igststdoet?
1081 4011 1143 4086 ubi
1172 4013 1211 4080 *ni
1228 4013 1413 4106 σμερδαλέα
1438 4023 1567 4111 latent,
1596 4025 1657 4101 ubi

390 4135 394 4144 ·
467 4113 613 4187 derebus
637 4106 779 4193 creditis,
807 4109 845 4183 δι
869 4113 907 4180 de
931 4111 1094 4182 uerborum
1117 4109 1352 4204 obligationibus
1386 4123 1652 4197 commentariis

466 4210 569 4297 vide,
593 4209 641 4296 mi
657 4205 802 4292 Alcime,
818 4225 907 4300 quot
923 4227 960 4280 te
974 4205 1171 4279 nominibus
1181 4207 1358 4282 litterariae
1368 4209 1522 4306 Reipub.
1535 4215 1658 4291 obstri-

467 4303 559 4380 etun
573 4323 753 4399 putemus:
780 4325 894 4398 neque
913 4321 949 4376 te
967 4303 1138 4398 appellari
1155 4323 1249 4400 aegre
1267 4301 1358 4380 serre
1375 4307 1502 4397 debes,
1526 4311 1583 4385 sed
1596 4314 1656 4386 ad·

465 4398 590 4476 scribes
614 4397 651 4472 id
668 4396 801 4474 summo
819 4400 871 4474 tui
896 4397 1138 4496 librorumque
1161 4418 1298 4473 tuorum
1321 4401 1504 4497 desderio‚
1528 4407 1657 4504 quibus

468 4521 534 4598 ego
555 4498 643 4573 iuter
661 4493 761 4572 hasce
779 4493 966 4574 sorenfium'
978 4495 1155 4574 causarum
1179 4495 1371 4592 negotiosas
1388 4497 1656 4602 disceptationes

516 4591 604 4667 Toto.
630 4591 682 4665 ss.
1101 4591 1163 4664 Bb
1571 4600 1660 4674 nihil
