4840 5830
640 549 757 754 ,4w
822 621 1175 756 „anaunia
1232 567 1722 726 uuueutomis‘

687 820 999 924 accepisse-sedem
1022 820 1157 896 firmam
1188 820 1224 894 in
1247 819 1380 916 palatio
1407 817 1579 915 Hagano,
1605 821 1642 896 cit
1667 823 1824 921 quinimo
1845 827 1882 904 in

689 927 814 1002 'eodem
833 923 894 994 illo
913 919 1107 1002 Gunelavi,
1131 915 1166 988 in
1182 937 1253 1010 quo
1269 919 1520 1012 hodiequeajus
1535 921 1669 994 dicunt.
1707 921 1883 998 Veneran-

690 1026 735 1097 da
754 1019 830 1094 lane
849 1018 1059 1113 antiquitas,
1084 1035 1163 1110 quae
1185 1015 1326 1110 superet
1349 1016 1501 1087 omnium
1528 1013 1682 1114 fereper
1703 1019 1886 1116 Europam

602 1173 605 1185 ·
692 1115 921 1196 tribunalium
939 1112 1138 1186 secularium
1157 1131 1306 1184 aetatem.

697 1252 699 1258 .
742 1213 911 1292 Addunt,
950 1209 1120 1304 originem
1149 1203 1264 1302 Hagae
1286 1208 1516 1280 recentiorem
1544 1205 1610 1282 elle
1643 1209 1713 1306 (4)
1735 1234 1885 1306 eumque

692 1311 810 1386 locum
827 1308 1015 1380 excitatum
1035 1301 1134 1376 suillo
1153 1302 1334 1377 occasune
1348 1307 1418 1398 jam
1438 1303 1522 1376 disti
1542 1305 1681 1400 palatii,
1705 1307 1885 1403 Regisque

693 1411 732 1485 iu
755 1425 820 1493 eo,
845 1427 911 1476 nec
933 1422 1004 1472 non
1025 1397 1191 1482 Consilii,
1217 1398 1328 1472 stabili
1346 1407 1636 1474 commoratione:
1663 1407 1756 1476 unde
1775 1407 1886 1476 conti-

695 1502 806 1598 gerit,
831 1521 870 1572 ut
889 1519 960 1569 non
976 1517 1109 1570 tantum
1126 1495 1277 1570 Nobiles
1298 1499 1436 1590 plures,
1462 1499 1587 1593 aliique
1604 1499 1667 1569 viri
1686 1496 1887 1592 spetlabiles

695 1601 734 1676 &
756 1594 955 1690 conspicui,
979 1591 1125 1664 aedificia
1151 1592 1200 1662 ibi
1225 1594 1433 1676 excitarint,
1455 1591 1512 1664 sed
1539 1597 1574 1666 &
1593 1593 1756 1686 opifices,
1782 1620 1889 1692 nego·

695 1697 860 1778 tiatores,
886 1709 1165 1783 mercatoresque
1180 1691 1304 1760 domos
1328 1687 1391 1760 sibi
1407 1689 1681 1777 construxerint,
1707 1691 1778 1785 quo
1798 1690 1890 1788 Regi

697 1787 736 1864 cit
752 1790 890 1868 aulicis,
914 1787 1060 1880 aliisque
1084 1784 1205 1878 palatii
1226 1785 1403 1880 inquilinis
1428 1807 1570 1880 operam
1598 1788 1731 1860 darent.
1785 1787 1890 1862 Untie

700 1879 894 1970 affirmant,
920 1897 1070 1953 notorium
1095 1879 1194 1964 fore,
1221 1878 1473 1976 (quantumvis
1496 1877 1691 1970 fateantur,
1724 1883 1799 1958 llaec
1820 1907 1892 1958 tne-

697 1984 745 2058 ris
771 1982 833 2054 niti
855 1977 1087 2146 coqjecturis)
1104 1975 1201 2072 quod
1215 1978 1337 2070 primis
1355 1977 1422 2048 illis
1441 1979 1780 2074 temporibus,nulla
1800 1981 1888 2070 alia,

697 2078 802 2174 quam
821 2077 902 2151 Con
917 2076 986 2162 ilii,
1010 2070 1198 2166 jurisdictio
1217 2071 1335 2169 Hagae
1350 2073 1560 2147 obtinuerit:
1587 2073 1701 2148 donec
1716 2075 1890 2170 ignobiles

697 2178 771 2250 loci
789 2177 913 2249 incolae
929 2169 964 2242 in
978 2170 1133 2244 Vicinium
1155 2167 1172 2264 (
1181 2172 1227 2258 5)
1246 2190 1451 2258 creverunt,
1467 2171 1626 2266 quando,
1639 2193 1682 2243 ne
1699 2171 1893 2245 Consilium

698 2271 815 2346 nimiis
840 2270 1045 2342 obrueretur
1074 2263 1185 2337 causis
1215 2267 1434 2352 minoribus,
1470 2269 1623 2342 excitata
1658 2266 1764 2340 suerit
1794 2266 1893 2341 sedet

699 2365 893 2442 Scabinalis
905 2367 980 2454 'pro
998 2363 1052 2432 bis
1069 2364 1201 2440 uicinis,
1227 2363 1501 2456 negotiatoribus
1522 2364 1592 2436 &c.
1627 2361 1674 2434 Et
1693 2367 1783 2435 bane
1801 2361 1893 2454 esse,

699 2463 819 2557 ajunt,
853 2456 1088 2550 creduntque,
1120 2457 1269 2620 tqirimam
1296 2456 1464 2548 originem
1491 2455 1714 2548 Magistratus
1733 2456 1897 2552 Hagani,

699 2578 804 2654 quam
832 2576 875 2626 ex
897 2547 1116 2624 -uerisimilitu
1143 2550 1199 2620 ine
1235 2549 1391 2644 placita,
1435 2549 1587 2622 statuunt
1615 2570 1759 2625 centum
1793 2555 1890 2627 annis

700 2649 923 2750 posteriorem
949 2642 1047 2742 Rege
1068 2643 1244 2718 Wilbalmo.
1603 2714 1606 2724 ‚
1926 2715 1928 2720 .

749 2747 976 2842 Magistratus
993 2741 1164 2836 Haganus
1185 2741 1388 2827 contendit,
1415 2742 1430 2829 (
1438 2739 1486 2816 ast
1502 2765 1574 2816 non
1592 2742 1739 2840 probat,
1763 2743 1835 2817 imo
1851 2769 1893 2820 ne

700 2845 852 2944 probare
871 2841 1012 2938 quidem
1028 2834 1183 2940 tentam)
1200 2840 1295 2934 quod
1314 2835 1460 2914 Consilii
1481 2837 1649 2914 institutio
1663 2837 1753 2922 faus
1768 2838 1810 2915 stt
1818 2866 1893 3013 ἕξει

1847 2941 1895 3011 lii·

701 3135 763 3188 ren
782 3114 986 3192 houdende,
1020 3114 1072 3181 uls
1093 3111 1216 3198 blyeltt
1238 3123 1305 3196 nyt
1323 3109 1369 3178 de
1395 3111 1540 3180 Charmei
1561 3111 1625 3180 der
1653 3111 1785 3182 Steden
1807 3114 1895 3181 Doi-

702 3201 819 3280 iirecbt,
845 3199 1015 3273 Hnarlern,
1040 3197 1157 3294 Leyden
1177 3197 1266 3263 ende
1282 3197 1313 3292 ’s‘
1326 3193 1544 3280 Grauesnnde3
1565 3196 1657 3262 doch
1681 3198 1741 3264 dat
1763 3200 1798 3265 in
1821 3197 1892 3267 den

702 3287 1041 3464 bilisiillsss
1056 3278 1655 3460 ltttallllu,itslllls
1665 3281 1895 3462 ,statut

704 3451 809 3520 indit
827 3449 933 3517 selsde
955 3447 1136 3522 Gebouw,
1157 3463 1201 3512 en
1224 3446 1314 3596 ngsq
1328 3463 1388 3529 wy
1406 3463 1479 3512 niet
1499 3447 1621 3514 andeis
1638 3451 1767 3542 vtqden
1782 3449 1825 3515 of
1833 3469 1893 3535 ge·

704 3533 855 3616 louven)
868 3534 903 3599 iu
919 3533 975 3599 die
987 3531 1093 3598 selide
1106 3530 1219 3596 liund-
1316 3547 1374 3604 er,
1394 3529 1476 3598 daar
1489 3549 1549 3614 wy
1569 3531 1661 3598 noch
1673 3533 1897 3619 jegenwoor-

705 3620 788 3706 digb
807 3616 1028 3768 vfflderen'
1046 3613 1124 3681 litu.
1139 3631 1175 3699 p.
1194 3616 1228 3680 6.

869 3717 914 3767 1.
959 3718 1011 3767 a.
1054 3748 1063 3764 .

621 3812 635 3834 ·
714 3781 719 3788 ’
745 3701 811 3872 iii
833 3785 906 3850 Tot
947 3716 1138 3849 atgdgselve
1154 3791 1207 3846 tot
1223 3796 1287 3846 een
1308 3777 1586 3849 formeeleliourt
1604 3784 1792 3868 geworden
1809 3801 1895 3868 ayn·

705 3871 769 3947 de,
790 3885 847 3933 om
863 3867 907 3934 de
923 3867 1058 3933 Raaden
1073 3865 1162 3932 ende
1177 3862 1377 3949 Justieieren
1392 3883 1458 3930 van
1475 3865 1534 3934 het
1553 3869 1710 3950 gemelde
1726 3868 1805 3933 Hof
1820 3871 1896 3935 niet

709 3957 741 4020 al
762 3967 796 4020 te
822 3949 896 4016 seer
920 3963 955 4015 te
979 3952 1149 4014 obrueren
1178 3963 1250 4013 met
1275 3947 1319 4014 de
1346 3948 1587 4017 administratie
1614 3952 1677 4018 der
1701 3951 1832 4034 Justitie
1856 3954 1893 4018 in

706 4038 834 4118 kleyue
849 4033 965 4111 lairen,
987 4033 1137 4097 tusscben
1161 4029 1320 4098 Geiuuren
1343 4033 1455 4097 aldam
1475 4033 1630 4117 Neringh
1649 4033 1807 4112 doencle,
1826 4053 1894 4102 een

707 4117 954 4202 Schepensloel
978 4133 1067 4181 voor
1093 4111 1229 4179 deselve
1249 4115 1301 4179 ael
1325 4131 1393 4197 zyn
1411 4118 1695 4200 opgerecbt,-die
1718 4116 1761 4184 de
1783 4117 1893 4184 eerste

709 4199 921 4288 oorspronclr
948 4197 993 4265 sal
1022 4196 1168 4285 geweest
1191 4215 1262 4280 ayn
1289 4215 1357 4263 vnn
1384 4199 1444 4264 bet
1472 4199 1648 4266 Gerecbte
1671 4218 1738 4266 van
1760 4200 1786 4266 ’s
1803 4201 1895 4268 Gra·

706 4287 883 4369 neuburgo,
914 4283 975 4350 het
1004 4301 1132 4368 grene,
1163 4297 1208 4347 na
1235 4280 1299 4347 alle
1327 4283 1527 4364 apparentie
1558 4284 1626 4349 wel
1660 4283 1780 4350 hmtdert
1804 4290 1899 4366 jarem

704 4369 795 4525 Ἢ
820 4368 867 4435 iul
896 4365 1173 4524 ffigestffiedt
1200 4365 1250 4434 als
1272 4363 1316 4436 tle
1343 4367 1499 4452 gemelde
1533 4367 1612 4454 tydt
1637 4383 1706 4438 vau
1730 4369 1901 4456 Kouiugit,

794 4471 859 4525 em.
1317 4477 1320 4482 ·
