4742 5814
526 621 719 721 mrsu.
748 599 1055 716 sauream
1083 641 1150 712 n>
1177 619 1507 725 orvansos.
1543 655 1636 750 30,

430 824 475 906 Iis
508 821 751 924 Typographi
774 818 848 920 (4)
873 821 1037 898 voluutas
1066 815 1113 894 de
1144 817 1261 896 fratris
1284 825 1522 924 iutprImeodie
1545 851 1626 905 car.

428 923 590 1001 minibus.
638 919 740 1010 Qrid
761 916 892 994 Cursor
906 919 951 992 ab
969 913 1105 992 Caenre
1124 921 1300 1008 attulerit,
1323 942 1364 996 tu
1388 924 1628 1000 Seuretiurum·

425 1019 584 1100 conscius
616 1017 910 1093 exornaverant
942 1014 1069 1090 litteris
1101 1011 1203 1087 facile
1234 1015 1437 1114 cognosoea.
1472 1022 1620 1095 Camera-

423 1123 491 1194 rius
513 1137 594 1189 tuus
618 1112 749 1209 Lipsrae
772 1111 968 1208 profitetur.
1017 1109 1161 1206 Siquid
1186 1115 1272 1186 novi
1295 1115 1353 1187 hm
1374 1115 1507 1190 dabunt
1531 1141 1630 1192 nun··

425 1215 545 1299 dine,
571 1215 705 1284 mittam
729 1209 792 1283 suo
815 1231 985 1305 tempore.
1037 1205 1152 1294 Vale,
1177 1231 1220 1282 ac
1243 1209 1410 1283 Hadriano
1433 1211 1510 1309 (5)
1534 1219 1616 1311 plu.

420 1311 540 1384 rimam
559 1305 677 1402 queso
695 1329 715 1380 a
733 1329 788 1380 me
804 1303 948 1382 salutem
967 1305 1105 1378 nuncia.
1154 1303 1421 1403 Nurembergae‘.
1446 1308 1620 1386 Calendis

420 1405 546 1482 Martii
568 1427 660 1479 anno
687 1423 792 1498 1543.

549 1607 1061 1710 EPISTOLA
1117 1608 1476 1711 CXXVIII.
1647 1635 1777 1706 mro-

1649 1735 1698 1782 mo
1712 1717 1771 1782 lv.

494 1829 952 1935 uooovrco
1008 1827 1056 1923 A
1110 1827 1449 1945 narro(
1495 1834 1531 1948 )·
1646 1793 1801 1877 ‘⁶⁴⁴¹'

417 2041 490 2137 De
517 2040 649 2134 libello
675 2041 752 2156 suo
788 2061 929 2130 contra
966 2039 1128 2130 Ducem
1168 2041 1425 2158 Clioensem,
1466 2040 1525 2137 θ
1560 2044 1611 2135 de
1663 2079 1780 2164 1543}

802 2153 926 2242 rebus
956 2153 1222 2244 Germanicis.

482 2363 545 2443 'rsa
565 2367 731 2441 haeienut
749 2363 786 2437 in
812 2363 865 2438 his
892 2359 1113 2460 Reipublicae
1134 2365 1304 2460 negotiis,
1331 2389 1479 2462 quorum
1496 2367 1608 2446 muitti

416 2461 879 2635 rtsrffniipibi‘i
899 2461 1509 2652 iii‘iiississfflbiiiii
1522 2487 1610 2638 ,ii

415 2653 551 2754 gustum
567 2657 718 2752 aliquem
736 2653 832 2748 ejus,
857 2653 953 2750 quod
978 2652 1140 2728 adversus
1168 2653 1364 2728 Clivensem
1382 2656 1521 2732 Ducem
1540 2658 1614 2732 Im-

414 2755 506 2850 perii
527 2752 721 2828 Ordinibus
738 2751 988 2846 exponendum
1006 2749 1211 2834 videbatur,
1236 2751 1475 2839 exhibuerim,
1499 2775 1608 2851 atque

414 2851 450 2926 id
475 2847 594 2948 postea
614 2871 660 2922 ex
681 2849 724 2923 iis
749 2869 829 2943 quae
848 2867 914 2939 per
935 2843 1125 2920 Praefidem
1149 2844 1353 2943 praescripta
1373 2850 1608 2947 instruebatque

409 2946 531 3031 fuere,
555 2948 748 3020 accuratius
775 2940 1046 3027 elaboraverim,
1066 2941 1284 3038 jubenteque
1309 2942 1356 3016 D.
1378 2947 1608 3020 Groadoeilona

437 3045 523 3116 reio
540 3037 791 3122 commiserim,
818 3059 890 3110 nou
910 3041 1013 3134 potui
1036 3038 1171 3125 fatere,
1196 3039 1283 3134 quin
1309 3042 1382 3135 ejus
1400 3040 1445 3114 ad
1471 3064 1506 3116 te
1524 3039 1601 3114 mis·

490 3137 738 3232 sexemplar,
772 3133 906 3230 aliquid
933 3135 1126 3210 litterarum
1156 3138 1434 3231 conjungerem,
1466 3160 1539 3234 quo
1562 3159 1604 3212 ea

397 3233 589 3311 occasione
614 3255 708 3308 tuam
733 3232 982 3304 humanitatem
1011 3233 1049 3306 in
1069 3235 1220 3327 ainuam
1242 3232 1310 3305 mei
1331 3233 1604 3310 commendatio·

404 3353 489 3405 uem
505 3331 599 3429 apud
621 3329 790 3426 Reginam
808 3329 1006 3402 excitarem.
1057 3326 1145 3402 Non
1167 3329 1270 3422 potui
1289 3349 1405 3404 autem
1430 3332 1546 3406 bacin
1561 3355 1601 3406 re

405 3433 552 3502 multum
567 3423 701 3502 adferre
719 3425 953 3520 eloquentiae,
978 3445 999 3496 a
1022 3429 1121 3521 cujus
1145 3425 1309 3499 videlicet
1334 3425 1448 3500 studio
1468 3428 1608 3524 jamdu-

406 3523 491 3595 dum
508 3547 564 3595 me
582 3523 675 3618 Jurir
693 3519 856 3618 professio
876 3519 1047 3607 abduxit,
1072 3518 1132 3594 sed
1149 3541 1263 3594 tamen
1287 3522 1364 3620 baec
1379 3519 1454 3618 ipsa
1472 3521 1608 3620 fimpli·

405 3619 513 3705 uitas,
538 3643 607 3714 qua
631 3623 701 3693 hoc
723 3635 965 3711 argumentum
988 3617 1025 3687 iu
1048 3617 1166 3712 lingua
1189 3616 1399 3691 Germanica
1423 3619 1604 3714 principio

404 3717 570 3804 vastavi,
594 3713 632 3787 in
656 3735 726 3812 qua
748 3734 820 3784 non
843 3713 946 3806 potui
969 3733 1041 3784 nou
1067 3711 1272 3798 solecisare,
1297 3733 1423 3808 utpote
1445 3711 1604 3804 Friiius,

401 3813 594 3922 multorum
609 3812 763 3892 animos,
786 3825 827 3880 ut
847 3805 893 3882 de
915 3804 1016 3882 causa
1033 3808 1148 3882 nostra
1166 3811 1286 3884 melius
1306 3805 1491 3896 sentirent,
1515 3831 1601 3905 per·

403 3926 528 3987 morat.
575 3907 635 3984 Ab
652 3900 855 3984 antennis
865 3903 953 3982 nihii
965 3901 1133 3981 hafiieuua
1145 3901 1349 4002 responsum
1367 3904 1436 3996 eii,
1460 3927 1527 3980 nee
1538 3905 1601 3980 ad·

398 4175 509 4412 viij}
528 4259 714 4348 nomm]
778 4261 870 4337 mo,
890 4255 988 4328 nam
1006 4261 1147 4329 mmm
1165 4255 1301 4328 omn.
1321 4253 1481 4326 varra.
1495 4210 1599 4330 xurss

439 4395 506 4514 (ι’
534 4425 871 4520 maneo]
890 4420 1616 4520 aequonemeavrnmumvre

394 4427 539 4596 ini.
556 4509 674 4601 nv,

1520 4003 1601 4082 huo

527 4175 699 4264 Rossiiensss
720 4172 932 4331 ikfogropbi]
953 4175 1164 4262 Hieronymi
1183 4171 1357 4244 Frobenii.
1592 4157 1595 4164 ’
