4840 5830
547 614 743 722 EPIST.
772 613 1078 718 SELECTAE
1104 641 1170 714 lo
1199 611 1534 722 DIVERSOS.
1591 646 1649 715 ar

449 818 586 916 quoties
606 816 643 890 dt
658 828 761 912 quam
773 815 854 893 beni
938 815 996 888 ille
1011 813 1055 890 ad
1067 813 1124 888 'me
1135 813 1356 890 consueverit
1370 811 1534 900 scribere,
1549 836 1652 890 nunc·

447 937 535 988 vero
553 911 726 988 desertum
742 935 798 986 me
874 937 893 986 e
915 913 1070 985 omnium
1099 910 1362 985 necessariorum
1385 931 1539 985 meorum
1569 911 1646 984 offi-

446 1011 526 1096 cio,
551 1031 618 1082 nec
642 1028 851 1104 quemquam
880 1009 1015 1082 literam
1036 1008 1080 1078 ad
1108 1007 1349 1103 meminere,
1382 1008 1537 1101 graviter
1560 1003 1647 1083 sane

445 1126 560 1179 meum
578 1103 687 1177 satum
705 1101 792 1178 fero.
844 1102 906 1176 Tu
928 1100 954 1174 fi
977 1101 1062 1198 quid
1094 1101 1246 1196 accipies
1270 1103 1366 1198 qood
1394 1125 1449 1174 me
1469 1099 1645 1178 consolari

316 1265 317 1269 ι
469 1217 572 1288 ueat,
595 1195 757 1272 accuratd
780 1195 838 1272 sac
857 1199 982 1272 mittas.
1008 1197 1120 1272 Renici
1135 1197 1309 1270 necesitas
1328 1195 1419 1270 male
1437 1219 1493 1270 me
1510 1195 1638 1286 habet,

442 1221 544 1391 spero
562 1313 678 1368 tamen
701 1293 873 1366 Antonium
897 1313 995 1368 mum
1013 1293 1152 1386 utrique
1167 1291 1253 1366 boni
1278 1291 1410 1384 aliquid
1433 1309 1642 1390 apportatu-

441 1411 530 1466 rum.
581 1389 694 1463 Miror
712 1407 827 1462 tamen
854 1388 938 1484 quid
962 1405 1095 1461 tantum
1111 1405 1205 1460 tuam
1225 1386 1479 1482 profectionem
1494 1391 1532 1462 in
1549 1387 1643 1463 Gal·-

442 1486 524 1560 liam
545 1505 709 1581 parentes
729 1505 969 1569 remorentur,
992 1501 1051 1556 aut
1074 1504 1138 1556 cur
1163 1505 1233 1556 non
1265 1481 1338 1577 ipse
1355 1483 1555 1578 diligentius
1574 1508 1636 1560 eos

508 1603 577 1656 eas.
624 1577 738 1652 Vides
757 1601 877 1655 omnes
902 1603 945 1656 ex
960 1581 1021 1651 illo
1041 1575 1181 1653 Dolano
1202 1578 1286 1651 nido
1300 1582 1500 1673 provolare.
1550 1580 1638 1656 For·

512 1699 527 1749 a
546 1695 582 1750 te
600 1695 695 1749 nunc
710 1671 906 1748 Valentinae
924 1677 995 1750 illae
1008 1673 1150 1748 Sirenes
1176 1675 1341 1748 detinent.
1391 1673 1529 1750 Excute
1557 1678 1637 1752 illot

442 1793 575 1848 amores
598 1770 698 1848 &ab
721 1771 782 1844 illa
806 1769 943 1846 Venere
964 1790 1000 1842 te
1017 1767 1127 1846 auset.
1173 1769 1272 1844 Eece
1296 1789 1334 1844 te
1367 1767 1480 1844 Pallas
1504 1793 1637 1856 vocat,

438 1865 574 1944 Pileum
588 1869 729 1942 rubrum
750 1867 787 1940 δι
805 1889 970 1940 coronam
985 1865 1157 1948 ostentat,
1178 1865 1223 1938 ad
1238 1862 1306 1939 sese
1337 1883 1372 1937 te
1392 1868 1538 1953 invitat,
1563 1870 1642 1942 noli·

440 1961 603 2061 spernere
618 1983 689 2038 tam
701 1957 861 2034 Sanctam
875 1962 989 2038 Deam
997 2011 1016 2049 ,,
1034 1961 1137 2060 hujus
1152 1959 1304 2035 ausculta
1317 1983 1435 2038 voces.
1460 2007 1483 2040 η
1508 1959 1638 2059 Aspice

440 2101 466 2137 n
490 2076 624 2155 quanto
641 2055 808 2164 majorem
833 2054 1122 2152 sincerioremque
1147 2059 1364 2151 voluptatem
1392 2054 1434 2130 sts
1461 2055 1637 2156 susceptu·

443 2194 468 2232 n
490 2148 608 2242 rus,ii
624 2174 679 2224 me
692 2171 729 2222 m
749 2147 882 2224 deliciis
893 2153 1019 2224 habere
1038 2153 1188 2223 animum
1198 2154 1353 2224 inducat.
1380 2149 1474 2228 Ecce
1485 2176 1550 2250 ego
1569 2154 1642 2232 tibi·

443 2289 468 2329 a
491 2269 560 2344 pro
597 2249 688 2320 arvis
699 2244 875 2320 laboribus
889 2243 1062 2322 scientiam
1077 2245 1169 2321 dabo
1209 2269 1262 2320 uae
1271 2267 1305 2320 te
1315 2243 1376 2319 ubi
1402 2271 1445 2324 ue
1460 2273 1635 2324 commen·

442 2385 467 2422 n
492 2270 642 2419 canifera
657 2341 790 2414 reddet.
816 2341 910 2414 Sella
927 2343 1173 2436 illadignitatit
1232 2271 1635 2442 agenss?2)sempera

441 2477 465 2518 n
491 2435 1025 2532 dodiisstmisprudentisstmisque
1042 2439 1126 2512 viris
1149 2436 1216 2510 suit
1237 2460 1427 2534 occupata,
1451 2441 1486 2513 in
1511 2463 1552 2515 ea
1566 2463 1637 2542 ego

442 2576 465 2614 n
490 2533 702 2608 avunculum
712 2552 808 2618 tuum
820 2529 835 2626 (
849 2531 986 2626 3)0lim
998 2553 1051 2606 tot
1060 2556 1168 2608 annos
1184 2531 1312 2607 florere
1331 2536 1446 2627 volui,
1467 2535 1643 2632 hancjam÷

441 2673 470 2708 t,
490 2650 629 2726 apuero
642 2628 708 2702 tibi
722 2625 883 2720 promiii;
900 2627 957 2700 sed
967 2630 1049 2702 vide
1066 2649 1104 2702 ut
1120 2629 1367 2704 antecessorum
1379 2631 1565 2705 virtutibus
1579 2637 1636 2710 ‘ret

442 2769 465 2804 „
490 2723 671 2820 spondeas.
696 2723 785 2820 Hoc
799 2722 863 2797 tibi
885 2725 1019 2796 initium
1038 2727 1211 2798 honorum
1228 2723 1296 2800 esse
1319 2729 1436 2809 volui,
1459 2729 1532 2800 hoc.
1545 2749 1635 2825 prae·

442 2863 466 2899 n
490 2824 561 2895 mio
588 2819 718 2893 illicere
742 2840 778 2893 te
801 2819 987 2916 proposui,
1012 2843 1051 2893 ut
1076 2818 1306 2914 cognosceres
1329 2843 1460 2916 quanto
1474 2822 1545 2896 tibi
1563 2845 1633 2896 ma·

420 2959 466 2996 ιη
486 2916 564 3014 jora
578 2912 639 2987 stru
657 2914 869 3008 praebitura,
893 2911 922 2986 st'
945 2937 983 2988 tu
1003 2915 1305 2992 adhortationibus
1327 2920 1410 2990 mcis
1423 2918 1613 2993 obsecutus
1621 2969 1646 3006 ,.

441 3055 465 3092 n
489 3012 649 3110 vigilanti
661 3011 837 3083 literarum
857 3007 972 3080 studio
997 3011 1040 3082 ad
1057 3009 1254 3106 disciplina·
1275 3012 1380 3108 adyta
1394 3030 1429 3084 te
1456 3013 1645 3100 conseras.

442 3151 470 3186 »-
489 3109 526 3182 δι
556 3131 600 3182 ex
632 3127 709 3178 mea
739 3128 798 3179 ara
822 3105 991 3178 doetrinae
1012 3104 1137 3178 sertum
1160 3105 1328 3201 suscipere
1349 3107 1500 3183 enitaris.
1548 3108 1646 3184 Hoc·

441 3246 466 3284 „
489 3205 640 3298 optimos
654 3223 737 3275 tuos
751 3203 1046 3296 parentetvelle,
1070 3203 1140 3276 hoc
1158 3203 1378 3287 totamicos,
1402 3206 1463 3296 qui
1473 3226 1543 3278 tam
1555 3203 1636 3302 syn·

442 3340 467 3378 n
490 3299 572 3372 cere
597 3297 661 3369 tibi
687 3293 839 3378 favent,
855 3297 1065 3388 expediam.
1080 3293 1168 3390 saepe
1191 3298 1356 3372 intellexi.
1406 3298 1513 3374 Nunc
1532 3303 1644 3376 etiam·

441 3437 466 3472 ,ι
491 3395 528 3467 dt
552 3391 642 3464 meis.
661 3389 802 3491 monitis
828 3389 952 3482 aliquis
976 3389 1092 3485 quaeso
1116 3395 1211 3487 apud
1238 3414 1273 3466 te
1298 3391 1339 3466 fit
1365 3397 1475 3469 locos.
1525 3393 1645 3471 Vides.-

442 3531 466 3568 ..
491 3487 656 3583 aequalem
687 3503 787 3559 tuum
811 3485 1049 3579 christophorum
1081 3507 1214 3581 quanto
1246 3491 1393 3582 praemio
1422 3492 1641 3566 honoratim..

443 3627 467 3664 ,.
493 3581 586 3656 Cum
600 3583 669 3656 hoc
689 3601 728 3656 to
744 3581 822 3674 pari
835 3576 968 3674 semper
983 3578 1078 3678 passu
1107 3583 1281 3657 ambulare
1298 3605 1351 3656 coe
1377 3583 1449 3667 isti,
1469 3587 1637 3680 anpatie·

444 3721 467 3760 n
492 3680 540 3752 ris
560 3675 655 3773 quod
668 3677 725 3748 ille
740 3673 803 3748 tibi
819 3673 978 3748 bravium
999 3677 1206 3774 praeripiat?
1231 3675 1315 3752 Duo
1351 3679 1513 3774 upersunt
1531 3675 1665 3775 anni„¹

442 3817 466 3855 u
490 3772 618 3870 quibus
634 3768 803 3842 stmecum
821 3771 856 3841 in
872 3772 980 3844 literis
997 3773 1183 3866 diligenter
1198 3769 1418 3867 perseveres,
1431 3779 1500 3872 jam
1514 3795 1550 3848 te
1565 3797 1646 3870 ego·

441 3913 465 3952 n
489 3872 559 3944 tuit
581 3867 735 3966 paternis
758 3864 908 3944 Larium
925 3889 1005 3944 cum
1022 3863 1151 3946 summa
1162 3869 1276 3966 gloria
1289 3868 1442 3946 reddam.
1458 3866 1636 4054 '’Sedfidee

1584 3987 1634 4044 oo

421 4152 424 4159 -
483 4115 549 4268 (pp
570 4115 650 4185 Sella
665 4115 720 4183 illa
744 4114 778 4182 dt*
840 4120 901 4182 atis
922 4113 1100 4212 Hagenfit]
1114 4114 1239 4212 idest,
1258 4115 1457 4184 Decanatus
1478 4115 1632 4201 Capituli

443 4201 481 4278 n.
540 4201 604 4268 ,in
642 4201 747 4268 alatio
808 4198 1126 4286 agae-Comatam,
1157 4217 1194 4266 ru
1216 4217 1282 4282 qua
1302 4197 1454 4266 succeffit
1475 4199 1631 4268 Bomrdo

442 4285 571 4354 dedtti
647 4283 760 4368 Aytto,
781 4282 887 4369 Viglii
920 4297 1032 4349 atruo.
1539 4347 1542 4353 .

483 4365 546 4452 (3)
565 4364 762 4432 Avunculum
772 4364 878 4448 tutem]
891 4301 1058 4448 facobum
1077 4360 1232 4447 Ruysch‚
1253 4357 1367 4430 Mater
1382 4379 1542 4446 uumque-
1556 4361 1637 4450 Cure

441 4450 510 4552 ulli
529 4449 638 4557 Matio
649 4447 785 4544 mppr,
803 4447 956 4520 Domina
972 4444 1017 4518 de
1034 4445 1167 4625 Cagap.
1208 4443 1283 4517 Van
1299 4443 1454 4519 Βιιιιιιιιιι
1471 4451 1534 4517 tit..
