4882 5804
528 613 719 713 EPIST.
750 613 1054 713 SELECTAE
1079 641 1148 710 An
1175 616 1503 718 DIVERSOS.
1539 647 1618 735 177

415 815 490 892 Sed
509 835 577 912 pro
590 813 792 892 Mestrianis
807 814 929 910 accipe
951 835 1024 888 noa
1044 813 1249 902 dilllmilem,
1273 811 1454 889 barbaram
1477 833 1613 902 tamen,

413 913 582 988 fabulam:
607 908 717 982 solent
735 911 822 982 certi
846 911 927 998 anni
942 932 1100 1008 tempore
1117 937 1137 984 e
1155 915 1351 1010 longinquo
1375 912 1612 1006 negotiatores

412 1007 578 1086 mercium
593 1005 901 1100 permutandarum
914 1005 1016 1081 causa
1031 1009 1076 1082 ad
1095 1007 1258 1104 utrasque
1276 1005 1502 1104 Borysthenis
1516 1003 1621 1101 ripas¹

410 1103 620 1192 convenire,
652 1103 690 1176 dt
715 1103 883 1198 colloqui.
931 1103 1076 1177 Accidit
1095 1105 1241 1202 hyeme,
1266 1123 1308 1178 ut
1326 1125 1534 1198 quamquam
1551 1125 1611 1198 ge·

409 1205 446 1276 lu
461 1201 620 1286 duranum
637 1195 767 1270 flumen
783 1195 951 1274 accessum
968 1202 1208 1296 permitteret,
1222 1197 1284 1296 ipsi
1300 1219 1433 1286 umen,
1460 1201 1520 1273 vel
1530 1201 1611 1294 quia

386 1331 389 1338 ¹
407 1301 458 1373 ita
479 1295 751 1383 consueverant,
774 1297 836 1370 vel
850 1296 933 1390 quia
949 1319 1021 1368 non
1042 1295 1121 1370 satis
1139 1293 1313 1382 fidebant,
1338 1295 1375 1368 in
1389 1293 1610 1371 inimicorum

409 1393 1048 1563 allillllilltllllllll
1066 1389 1609 1586 sllssilllnsllll·

1054 1538 1068 1573 ,
1594 1525 1608 1542 .

411 1583 523 1659 dantis
536 1581 703 1679 spatium,
720 1585 861 1678 quidam
878 1583 1031 1659 barbaris
1054 1585 1224 1659 indicavit
1246 1579 1383 1658 causam
1398 1579 1485 1665 esse,
1508 1585 1606 1679 quod

409 1681 446 1752 in
466 1695 564 1753 tanto
582 1676 712 1774 frigore
726 1685 837 1754 uoces
862 1679 1061 1775 priusquam
1079 1682 1126 1768 ad
1142 1682 1287 1756 aiteram
1311 1680 1424 1773 ripam
1445 1681 1606 1774 perveni·

408 1796 508 1860 rent,
535 1771 829 1869 congelascerent.
878 1773 1000 1872 ltaque
1022 1780 1137 1872 ignem
1156 1778 1193 1850 in
1212 1777 1325 1849 media
1350 1774 1460 1870 glacie
1478 1770 1605 1848 frustra

406 1871 623 1966 ridiculeque
645 1891 831 1958 tentarunt
882 1869 963 2040 Epo
982 1875 1068 1950 verd
1091 1896 1155 1970 per
1178 1891 1388 1946 mercatores
1412 1869 1488 1944 illas
1511 1894 1604 1945 meas

406 1967 525 2041 literas
541 1989 724 2060 curarant,
748 1969 810 2063 qui
833 1965 892 2039 hic
925 1991 1024 2042 ecere
1043 1967 1139 2064 qood
1162 1965 1237 2042 sere
1252 1964 1382 2051 solent,
1407 1983 1446 2039 ut
1464 1964 1522 2040 sua
1545 1991 1604 2042 cu·

407 2083 524 2136 rantes
546 2064 719 2156 negotia,
753 2064 867 2137 aliena
887 2065 1078 2161 negligant.
1127 2065 1317 2138 Mulordurn
1345 2084 1417 2136 non
1445 2062 1604 2138 dubitavi

406 2159 452 2232 ad
469 2177 546 2234 mea
561 2158 746 2233 commoda
761 2159 1002 2253 promovenda
1013 2158 1078 2233 else
1096 2157 1412 2255 propendllimum,
1436 2157 1543 2254 idque
1560 2181 1604 2233 ex

405 2254 575 2350 proximis
592 2255 664 2346 eius
679 2254 788 2326 literis
807 2251 948 2338 abunde
963 2256 1131 2340 intellexi.
1181 2253 1394 2350 Quanquam
1409 2273 1526 2330 autern
1544 2254 1604 2329 hic

406 2347 547 2426 difficile
576 2371 632 2421 rne
659 2351 829 2424 extricare
856 2354 1020 2440 valeam,
1054 2369 1205 2424 attamen
1229 2352 1317 2425 nihil
1341 2375 1413 2425 non
1439 2347 1602 2440 tentabo,

405 2469 479 2543 quo
499 2446 601 2520 vobis
621 2444 768 2539 propius
794 2445 998 2544 conjungar.
1050 2447 1161 2544 Quod
1187 2445 1382 2539 Theophilum
1407 2469 1427 2522 a
1449 2467 1504 2519 me
1530 2449 1602 2522 edi·

401 2561 477 2616 tum
491 2545 559 2617 tuit
573 2540 751 2616 laboribus
777 2541 920 2635 dignum
944 2543 1084 2621 duxeris
1111 2541 1185 2639 (1)
1216 2544 1302 2616 mihi
1323 2541 1435 2617 multo
1460 2543 1603 2638 gratissi·

404 2659 499 2710 mum
518 2638 576 2714 est
626 2635 759 2713 Necte
780 2637 817 2710 id
834 2635 953 2733 quaeso
970 2640 1014 2712 ab
1032 2643 1176 2736 incepto
1193 2659 1306 2733 opere
1322 2657 1477 2722 averem,
1503 2641 1601 2735 quod

404 2731 528 2818 Gallus
553 2731 720 2830 quispiam
746 2729 818 2826 (2)
843 2736 988 2808 eandem
1005 2733 1068 2809 libi
1087 2757 1231 2830 operam
1247 2732 1433 2832 sumpserit.
1457 2733 1600 2810 Etenim

403 2849 463 2902 tua
481 2827 593 2904 verfio
615 2850 688 2901 non
709 2827 817 2902 modo
839 2833 1064 2920 meliorent,
1088 2829 1267 2904 sedetiam
1293 2827 1403 2924 magis
1427 2831 1597 2923 gratiosa,

403 2927 519 3009 multis
543 2925 588 2997 de
611 2922 740 3012 causis,
764 2945 850 3019 quas
867 2928 926 3011 hic
941 2925 1007 3000 tibi
1025 2929 1060 3000 in
1081 2949 1122 2999 os
1144 2924 1271 3000 referte
1287 2923 1505 3021 supersedeo.
1554 2925 1600 3000 ll·

400 3023 465 3098 lud
489 3041 603 3094 tamen
622 3038 656 3094 te
671 3022 777 3098 latere
793 3023 922 3110 nolim,
945 3045 1001 3094 me
1022 3044 1176 3120 graecum
1196 3025 1402 3118 exemplum·
1415 3020 1528 3095 rursus
1545 3044 1599 3094 re·

394 3113 536 3210 legisse,
561 3111 768 3202 contulisse,
802 3116 1086 3213 emendasseque,
1117 3136 1222 3213 atque
1243 3115 1281 3188 id
1310 3139 1345 3191 te
1368 3117 1404 3188 in
1433 3136 1494 3191 tua
1519 3139 1598 3191 ver·

402 3209 495 3282 lione
517 3209 548 3283 se
575 3213 612 3286 ui
639 3213 776 3300 malim,
812 3235 915 3308 quam
944 3215 1040 3310 quod
1067 3210 1198 3287 editum
1228 3211 1286 3284 est.
1321 3211 1596 3289 Communicabo

398 3329 517 3380 autem
540 3235 687 3390 sisenes
707 3331 786 3381 curn
801 3311 947 3406 propius
966 3307 1145 3388 accessero.
1194 3307 1237 3382 ld
1252 3329 1366 3385 tamen
1378 3309 1485 3391 nolim
1502 3306 1596 3422 spas-

1538 3425 1595 3504 ΕΙ·

396 3601 1594 3788 ..illtlilllslai‘laltisillili‘lillailllssfjillz:

400 3785 502 3838 nator
522 3787 557 3835 rn
577 3770 795 3840 Parlamento
822 3774 1059 3841 Mechlrnrensr
1086 3775 1128 3841 ab
1156 3791 1247 3840 anno
1273 3771 1514 3856 1522.d101iur
1536 3773 1591 3857 (ln

396 3853 464 3950 bibl.
483 3853 558 3938 Belg
581 3853 656 3922 Vol.
674 3853 826 3941 Ascrae)
847 3857 1066 3944 sexagenario
1083 3860 1191 3942 major
1213 3875 1341 3942 graecas
1369 3856 1483 3922 literas
1502 3854 1592 3924 didi·

396 3935 495 4014 erlle,
518 3950 615 4004 tanto
629 3953 709 4004 curn
729 3938 894 4017 successu,
913 3955 953 4016 ut
974 3942 1078 4009 latina
1095 3941 1139 4008 de
1156 3939 1278 4026 graecis
1291 3940 1433 4008 faceret.
1474 3937 1591 4044 Argu·

399 4035 555 4088 mennam
577 4020 681 4088 habes
707 4040 752 4089 ex
775 4023 841 4090 hac
859 4025 1027 4093 versione.
1070 4023 1160 4092 Curn
1180 4022 1342 4099 Malarrio,
1362 4024 1406 4090 de
1420 4041 1489 4107 quo
1509 4023 1587 4103 hic,

394 4101 464 4171 srve
491 4101 629 4172 Gerotdo
649 4105 768 4172 Malerr
789 4108 974 4176 amicitiam
994 4109 1122 4188 coluit,
1141 4107 1277 4191 qualem
1295 4103 1409 4189 Orestes
1435 4123 1517 4176 cum
1530 4105 1588 4174 Pl·

394 4187 613 4353 hs'snfflss
636 4186 766 4271 Vigilat.

461 4287 480 4336 a
541 4291 545 4300 ’
605 4291 642 4337 us

396 4271 543 4446 testatio
562 4293 713 4431 literasia
733 4373 815 4428 cum
864 4373 925 4425 arro
945 4357 1073 4427 Nunnio
1090 4357 1134 4422 de
1154 4371 1220 4439 qua
1239 4353 1357 4438 Vaglr'ru
1378 4354 1508 4438 doluit,
1529 4355 1585 4436 utl

395 4434 586 4504 videbimus
600 4437 642 4505 'in
662 4439 803 4524 epistola
826 4441 870 4510 ad
888 4441 1012 4510 Petram
1033 4439 1206 4522 Bassorum
1225 4454 1280 4508 an.
1302 4453 1400 4524 1537.
1497 4529 1503 4534 Ι

443 4535 530 4611 Toni.
551 4537 607 4612 ΙΙ.
1004 4538 1034 4611 Ζ

681 4271 829 4359 ulsplom]
878 4273 1006 4343 acobos
1028 4271 1181 4342 Curtius.
1222 4271 1307 4338 Inde
1329 4283 1409 4338 nano
1431 4271 1479 4339 est
1497 4285 1585 4340 con·
