4680 5828
1547 357 1559 424 l

647 651 713 758 ‚4
765 618 1378 730 vrunnmavnrn
1419 621 1797 738 zutcrsunt

656 819 780 922 potest
828 815 981 894 Proinde
997 812 1127 888 summa
1148 837 1291 910 quoque
1316 817 1500 916 voluptate
1518 836 1596 896 tuat
1625 821 1752 898 literas
1769 845 1866 900 aece-

660 919 711 1018 pi.
744 915 907 1010 Quarum
921 909 1119 988 testimonio
1137 911 1176 984 dt
1200 912 1299 985 chiro
1362 913 1437 1009 pho
1454 913 1491 986 in
1507 913 1580 990 mei
1600 915 1772 991 honorem
1789 942 1870 1014 per.

522 1081 527 1088 .
661 1031 771 1114 petuo
792 1012 846 1085 uti
860 1031 997 1106 queam.
1045 1006 1261 1100 Plurimique
1306 1007 1384 1083 acio
1408 1029 1430 1082 a
1450 1009 1512 1083 tali
1540 1012 1618 1086 viro
1645 1035 1715 1086 non
1733 1014 1869 1088 laudari

665 1127 825 1192 tantum,
845 1103 908 1180 sed
927 1103 1031 1180 etiam
1045 1103 1163 1176 amari
1194 1099 1282 1175 Non
1300 1098 1434 1178 faciunt
1450 1121 1569 1180 tamen
1586 1125 1657 1180 tuae
1672 1131 1727 1183 me
1746 1111 1869 1185 laudes

665 1197 947 1300 superbum,·sed
965 1221 1076 1294 quum
1086 1197 1154 1272 illis
1166 1198 1323 1273 nondum
1340 1195 1468 1272 meres
1488 1204 1618 1278 ondete
1640 1225 1684 1278 co
1712 1201 1867 1290 noscam,

666 1295 789 1377 saltem
805 1317 845 1372 ut
870 1307 994 1379 coner,
1018 1295 1199 1368 admoneri
1215 1316 1270 1368 me
1298 1295 1417 1372 credo.
1506 1319 1547 1372 ec
1565 1299 1658 1371 ullus
1683 1227 1764 1374 sane
1783 1301 1871 1376 mihi

671 1397 813 1494 gravior
831 1388 882 1467 est
897 1391 942 1464 ad
960 1389 1070 1464 studia
1085 1389 1261 1476 stimulus,
1286 1411 1390 1488 quam
1401 1392 1520 1465 talium
1536 1395 1692 1468 vitorum
1709 1394 1871 1470 nondum
1900 1447 1904 1452 -

672 1491 797 1566 merita
851 1485 997 1561 robatio.
1045 1483 1164 1581 Atque
1191 1485 1279 1558 adeo
1309 1509 1329 1559 a
1354 1508 1465 1584 puero
1488 1485 1611 1565 desios
1631 1492 1729 1565 vitos
1750 1493 1871 1586 tuique

675 1584 800 1660 similes
827 1605 947 1679 emper
965 1579 1170 1662 observavi,
1195 1578 1312 1654 saltem
1333 1602 1372 1654 ut
1389 1606 1510 1658 eorum
1529 1607 1682 1661 amorem
1696 1609 1871 1682 promere·

674 1703 751 1768 ter,
776 1678 802 1752 st
820 1677 978 1754 laudibus
995 1675 1121 1773 dignus
1144 1671 1212 1750 esse
1229 1677 1431 1772 nequirem
1453 1699 1638 1777 utrumque
1661 1705 1716 1755 me
1737 1705 1825 1758 vero
1851 1705 1873 1758 a

674 1772 956 1854 te¹consecutum
968 1768 1188 1867 summopere
1206 1773 1363 1866 gaudeo,
1385 1793 1555 1871 omenque
1569 1777 1801 1852 tuumlnbens
1818 1801 1875 1854 ac-

678 1875 711 1949 ci
737 1874 795 1962 io,
843 1869 916 1945 uod
944 1867 1130 1962 majoribus
1145 1888 1211 1939 me
1233 1867 1421 1964 aliquando
1451 1870 1619 1949 rebus&
1646 1870 1774 1946 Patriae
1798 1873 1874 1950 usui

680 1895 747 2042 effe
764 1894 862 2064 poio
878 1965 1067 2060 augureris.
1090 1958 1168 2058 Ipse
1184 1983 1299 2038 minen
1315 1965 1351 2037 in
1370 1967 1486 2040 animo
1503 1968 1705 2044 habeo-hoc
1720 1967 1875 2046 vestrum

679 2063 795 2138 sartum
813 2065 945 2159 aliquot
966 2081 1065 2133 antea
1082 2079 1192 2132 annos
1215 2061 1379 2150 volvere,
1402 2061 1504 2136 idest
1522 2063 1714 2159 profitendi
1729 2065 1875 2160 publice

680 2183 771 2234 onus
793 2155 922 2240 subire,
955 2157 1028 2252 qud
1046 2156 1141 2228 aetati
1155 2155 1310 2230 nondum
1329 2157 1479 2252 negotiis
1497 2181 1643 2235 maturae
1659 2163 1877 2238 autoritatem

683 2257 832 2350 aliquam
846 2252 988 2362 pablica
1002 2249 1210 2362 professione
1233 2254 1331 2348 prius
1354 2254 1551 2332 conciliem.
1602 2255 1712 2354 Cujus
1731 2259 1875 2354 quidem

683 2348 817 2424 consilii
830 2370 899 2422 met
916 2347 1104 2444 auspicium
1118 2346 1155 2418 in
1172 2343 1360 2422 Germania
1383 2373 1460 2424 mea
1475 2374 1601 2448 capere
1619 2354 1778 2440 decrevi,
1803 2366 1877 2440 mo·
2025 2416 2029 2426 .

685 2445 734 2523 do
744 2469 790 2518 ea
800 2443 1031 2540 imperatorio
1043 2440 1416 2538 anxilio,c0nsrlioque
1427 2445 1471 2518 ab
1493 2449 1688 2521 inveterato
1711 2449 1877 2523 Christia-

683 2563 743 2614 nae
756 2537 950 2634 Religionis
965 2561 1081 2612 errore
1093 2540 1253 2612 revocari
1265 2541 1409 2632 poterit.
1431 2537 1546 2613 Aliter
1558 2543 1649 2614 enim
1666 2541 1802 2638 Legum
1818 2544 1878 2639 Ju-

688 2633 800 2734 risque
816 2633 925 2710 nostri
938 2633 1107 2720 studium,
1128 2635 1228 2729 quod
1242 2634 1292 2705 ibi
1306 2629 1438 2730 semper
1449 2633 1579 2730 jacuit,
1602 2639 1745 2713 excitari
1756 2643 1878 2738 nequi·

686 2731 752 2807 bit
802 2731 856 2807 Ad
873 2753 947 2804 eam
964 2753 1033 2802 non
1050 2753 1172 2826 parum
1190 2751 1243 2800 me
1255 2728 1688 2826 adjuvarepoteritAlciati
1701 2757 1877 2812 commen.

690 2829 816 2914 datio,
841 2831 938 2900 cu‘us
960 2829 1053 2921 apud
1078 2848 1141 2896 nos
1165 2823 1272 2918 longe*
1297 2825 1554 2901 celeberrimum
1585 2851 1712 2906 nornen
1736 2831 1806 2919 est,
1830 2835 1879 2909 ob

690 2924 842 2998 additam
876 2851 964 3016 suris
995 2922 1161 2994 rudentiae
1199 2920 1402 3013 politiorum
1443 2922 1619 2996 literarum
1654 2925 1879 3023 disciplinam.

691 3019 808 3114 Quem
827 3041 894 3113 ego
912 2946 989 3112 poli
1011 3039 1123 3090 meum
1138 3016 1233 3090 illinc
1251 3014 1426 3088 discessum
1455 3015 1577 3094 sedulo·
1596 3021 1708 3096 studio
1736 3025 1879 3109 audivi,

692 3111 1047 3211 disputationibusque
1082 3113 1289 3204 quotidianis
1322 3112 1467 3185 annixus
1494 3111 1568 3187 sum
1597 3138 1637 3189 ut
1660 3139 1680 3189 a
1704 3121 1766 3192 tali
1797 3121 1877 3193 viro

696 3212 825 3306 aliquid
850 3209 896 3282 ad
922 3231 977 3280 me
1002 3203 1131 3282 fruetus
1161 3205 1370 3302 perveniret.
1402 3204 1527 3284 Habeo
1556 3215 1730 3288 tamenin
1763 3215 1879 3289 animo

696 3327 797 3382 antea
818 3303 951 3377 ‘Italiam
973 3302 1100 3386 visere,
1125 3301 1162 3374 dt
1192 3302 1282 3377 sorte
1310 3301 1371 3375 sub
1398 3324 1529 3378 novum
1549 3304 1623 3380 Ver
1651 3330 1695 3380 eo
1719 3333 1774 3386 me
1796 3334 1881 3387 con-

695 3397 980 3486 feram‚accedit
1006 3400 1097 3470 enirn
1123 3399 1267 3471 multum
1292 3395 1553 3475 existimationis
1585 3399 1751 3478 dodirinae
1784 3406 1881 3504 apud

693 3496 864 3569 nostrates
889 3495 1061 3578 homines,
1086 3497 1181 3588 quod
1206 3519 1245 3568 ea
1260 3495 1389 3568 Italicis
1412 3497 1520 3569 literis
1546 3499 1583 3574 δι
1599 3502 1752 3576 moribus
1772 3503 1883 3578 tinsta

696 3589 750 3667 stt.
776 3590 871 3665 Bene
882 3591 970 3680 vale,
981 3587 1238 3668 Vitclariistme.
1249 3587 1570 3686 Biturigibusxnrt.
1583 3596 1887 3674 CalendasMartii

699 3709 792 3764 anuo
816 3707 918 3783 1530.
