4882 5804
735 659 817 752 128
844 643 1081 752 VIGLII
1110 669 1179 742 An
1208 637 1474 740 AYTTA
1501 639 1873 746 ZUICHEMl

734 871 853 926 menna
868 846 1059 924 institutum
1075 843 1141 921 tibi
1182 845 1300 947 tobati
1314 859 1449 946 magne
1465 846 1552 923 mihi
1568 847 1616 924 est
1624 851 1811 950 voluptati.
1835 849 1935 928 Vale.

735 947 884 1025 Patavii.
934 943 1102 1021 Calendis
1170 945 1287 1036 antiit,
1310 967 1369 1022 an.
1397 965 1504 1040 15³3·

555 1179 816 1256 nam-ff
936 1157 1446 1254 EPISTOLA
1516 1157 1737 1258 XLII.

560 1287 609 1328 mo
624 1265 666 1328 lu

412 1475 415 1483 .
554 1343 704 1484 ilfi·
796 1383 1166 1482 GAsPARI
1224 1387 1542 1484 unslnto
1599 1391 1928 1494 vano,

573 1646 682 1724 1533·
737 1626 1058 1749 Jurisconsultos
1091 1625 1181 1745 suae
1224 1634 1383 1733 etatis,
1421 1655 1491 1717 nec
1537 1627 1662 1718 latine
1692 1630 1831 1750 loqui,
1869 1657 1939 1726 net

1093 1764 1223 1880 greca?
1239 1763 1373 1882 scire,
1397 1767 1595 1876 permitti

734 1997 919 2174 Literae
933 2023 1011 2080 tuas
1029 1999 1144 2080 haben
1158 1997 1379 2100 gratillimat,
1404 2001 1601 2079 nouimme
1626 2007 1719 2092 Veli,
1744 2029 1811 2087 nec
1823 2010 1874 2084 est
1890 2033 1940 2087 ta·

835 2127 916 2177 men
931 2100 1028 2198 quod
1046 2103 1218 2186 vertatis,
1244 2099 1287 2176 n'e
1306 2099 1391 2196 quid
1408 2103 1469 2174 tui
1486 2103 1583 2176 mori
1602 2107 1661 2176 vel
1680 2101 1815 2181 lilentio
1831 2107 1941 2183 offen-

738 2197 830 2289 dat,
853 2197 924 2274 scio
942 2199 1032 2272 enlm
1055 2197 1091 2270 in
1118 2220 1190 2293 quo
1216 2197 1361 2293 strepitu
1383 2196 1548 2284 verseris,
1574 2219 1737 2294 quantam
1761 2226 1880 2279 euram
1905 2203 1943 2278 &

741 2298 993 2391 occupationes
1004 2277 1190 2380 iustineas,
1204 2293 1327 2388 easque
1345 2292 1466 2383 serias,
1493 2293 1531 2368 &
1549 2291 1620 2388 (ut
1638 2293 1685 2371 fic
1704 2299 1841 2398 dicant)
1866 2325 1941 2376 mo·

741 2392 936 2480 mentulas,
960 2413 1002 2466 ut
1029 2387 1133 2464 facile
1161 2391 1227 2464 tibi
1260 2387 1456 2486 ignoscam,
1489 2386 1514 2461 li
1543 2414 1614 2464 non
1642 2398 1740 2488 paria
1766 2398 1878 2470 statim
1903 2399 1940 2470 in

741 2485 928 2564 scribendo
952 2485 1130 2562 nobiscum
1144 2481 1271 2569 facias,
1296 2489 1358 2582 qui
1376 2485 1433 2558 hic
1457 2485 1669 2560 Scholastica
1692 2492 1766 2564 vita
1786 2491 1942 2582 fruentes

743 2587 819 2661 otio
837 2584 1062 2661 abundamus.
1111 2581 1189 2657 luto
1205 2585 1308 2656 etiam
1333 2581 1458 2676 saepius
1483 2583 1592 2655 literis
1617 2581 1741 2661 nostris
1772 2611 1807 2664 te
1833 2591 1942 2665 inter·

739 2684 968 2782 pelleremus,
985 2677 1046 2754 nili
1062 2679 1172 2776 magis
1186 2698 1325 2753 tuorum
1342 2679 1562 2774 negotiorum
1574 2730 1586 2764 ,
1597 2679 1700 2775 quam
1717 2681 1825 2760 nostri
1840 2687 1954 2783 hujus'
2087 2767 2098 2794 θ

740 2780 810 2856 otii
824 2780 992 2855 rationem
1012 2775 1229 2850 haberemus.
1280 2773 1496 2871 Quanquam
1514 2793 1628 2850 tamen
1649 2778 1693 2851 ad
1719 2802 1754 2852 te
1769 2780 1942 2859 scribendi

739 2899 781 2951 nt
829 2897 982 2951 mentum
993 2897 1062 2946 non
1080 2871 1212 2966 semper
1224 2868 1396 2968 suppetit,
1410 2871 1495 2944 mihi
1510 2867 1721 2966 praesertim,
1741 2879 1943 2972 horridum,

742 2899 904 3060 dlffieile,
929 2994 970 3046 ac
987 2971 1141 3044 amulum
1169 2967 1362 3066 disciplinae
1387 2965 1681 3064 genusiacum,
1717 2991 1822 3070 atque
1850 3001 1944 3053 nunc

738 3072 846 3146 etiam
860 3067 1065 3166 profitenti,
1090 3065 1187 3162 quod
1203 3089 1267 3140 nos
1284 3062 1415 3139 scilicet
1434 3085 1504 3137 non
1530 3067 1638 3140 modo
1656 3065 1700 3140 ab
1722 3073 1865 3144 aliarum
1883 3074 1945 3151 bo-

742 3189 868 3242 natum
892 3167 1090 3246 literarum,
1116 3185 1195 3258 quae
1227 3163 1383 3236 eruditos
1408 3161 1560 3234 invicem
1593 3165 1781 3240 conciliare
1811 3167 1941 3254 solent,

744 3264 842 3339 cultu
858 3281 901 3335 ac
920 3259 1133 3336 commercio
1148 3261 1295 3348 alienat,
1319 3257 1378 3332 sed
1394 3257 1668 3354 qualemqualem
1686 3261 1790 3338 etiam
1806 3268 1891 3340 olim
1906 3269 1942 3342 in

741 3357 827 3455 ipsas
843 3355 1086 3432 adolescentiae
1097 3355 1216 3429 studiis
1226 3377 1361 3452 partam
1377 3353 1574 3428 facultatem
1591 3351 1770 3433 subtrahit
1821 3362 1943 3459 Quan.

742 3477 849 3554 quam
858 3452 1235 3550 rursus‚humanill1me
1245 3453 1319 3525 Veli
1327 3451 1392 3537 ,ad
1404 3471 1512 3536 te,eo
1523 3448 1636 3524 sctibo
1647 3453 1836 3544 lubentius,
1845 3463 1942 3560 quod

742 3549 925 3628 confidam·
938 3547 1086 3640 maxime
1098 3570 1133 3624 te
1149 3551 1326 3622 literarum
1339 3570 1491 3622 mearum
1503 3547 1668 3644 ineptiam
1683 3555 1847 3630 amicitiae
1858 3581 1942 3633 con·

742 3651 965 3724 donaturum.
1016 3645 1111 3720 Nam
1130 3645 1359 3722 eruditionem
1376 3641 1558 3718 absurdum
1582 3643 1689 3721 fuerit
1715 3647 1743 3724 st
1771 3652 1814 3726 ab
1833 3653 1942 3746 Juril-

741 3743 903 3824 consulto
928 3743 1030 3840 hujut
1046 3743 1158 3816 aetatis
1181 3743 1313 3838 exigas.
1345 3737 1442 3816 ·Scia
1461 3741 1554 3815 enim
1571 3742 1675 3836 quim
1692 3746 1762 3822 hoc
1786 3747 1940 3827 nostrum

738 3867 852 3942 genus
869 3841 1071 3926 hominum,
1096 3835 1189 3934 quali
1205 3863 1249 3913 ex
1265 3835 1459 4008 comqqstto
1485 3840 1644 3932 ineptum
1665 3841 1732 3928 est,
1758 3844 1796 3920 ἃ
1819 3847 1937 3924 insuia

731 3931 876 4016 'tantum
896 3934 1140 4012 controverfiis
1157 3935 1299 4031 loquax.
1391 3957 1404 4009 t
1429 3932 1554 4031 saepius
1577 3957 1701 4011 votum
1725 3963 1861 4018 mecum
1887 3941 1939 4020 fa·

736 4040 852 4122 ciam,
877 4057 950 4130 quo
967 4033 1107 4118 tandem
1120 4029 1308 4106 existerent
1326 4031 1450 4128 aliqui,
1464 4033 1526 4130 qui
1537 4082 1548 4118 ,
1559 4035 1694 4108 ceteris
1710 4037 1830 4114 studiis
1843 4064 1939 4118 nunc

739 4133 904 4208 foeliciter
921 4128 1200 4218 renascentibus,
1224 4125 1458 4202 instaurandae
1487 4149 1630 4227 quoque
1652 4128 1938 4231 jurisprudentiae

733 4251 883 4326 operam
899 4248 1077 4302 navarent.
1102 4223 1281 4299 Scisenim
1296 4243 1425 4320 quanta
1439 4225 1937 4319 veterumJurilconsultorum

702 4353 710 4372 ,
737 4327 848 4402 fuerit
864 4326 1019 4420 puritas,
1043 4319 1233 4418 elegantia,
1258 4343 1364 4418 atque
1391 4323 1496 4396 etiam
1522 4324 1741 4416 eloquentia,
1764 4349 1831 4402 nee
1860 4349 1937 4404 tan·

729 4421 813 4500 ‚tiam
825 4419 1017 4496 liberalium
1033 4417 1313 4514 disciplinarum,
1340 4441 1420 4516 quae
1434 4419 1480 4493 ad
1500 4421 1678 4516 graviore·
1696 4443 1789 4496 artes
1805 4423 1938 4504 aditum

725 4515 971 4624 patefaciunt,
993 4512 1120 4596 verum
1137 4513 1318 4616 uetusque
1352 4518 1458 4596 etiam
1475 4517 1612 4614 lingua
1636 4517 1853 4695 petitlllmi.h
1877 4523 1936 4696 ἐξ

1854 4641 1876 4697 0
