4680 5828
653 669 713 784 84
776 661 1014 770 VIGLII
1040 687 1111 756 aa
1139 661 1401 762 AYTTA
1427 663 1797 764 ZUlCHEMI

655 851 800 952 pendat.
847 847 947 928 Nam
968 866 1008 926 ot
1021 849 1171 937 murno,
1193 846 1287 926 sorte
1303 872 1445 948 oequurn
1468 847 1536 927 else
1550 853 1654 952 pasta
1668 857 1720 932 ita
1743 859 1862 936 valere

657 967 698 1026 ut
714 943 977 1048 superationem
1002 948 1198 1026 testamenti
1209 945 1363 1022 faciendi
1379 945 1527 1026 eandem
1541 947 1608 1024 else
1628 951 1860 1048 potestatem,

657 1046 851 1144 eodemque
873 1046 1004 1134 modo,
1027 1045 1130 1120 militi
1149 1043 1191 1120 δι
1209 1066 1377 1142 pugrno3
1410 1045 1527 1124 inania
1553 1049 1668 1124 uideri
1693 1069 1749 1124 tot
1764 1051 1862 1148 judi-

657 1144 796 1220 ciorum
824 1139 1002 1218 solerurir:
1036 1161 1152 1218 tumeo
1174 1163 1246 1220 nou
1274 1137 1347 1218 fine
1368 1165 1426 1218 mu
1521 1144 1656 1222 ratione
1684 1146 1746 1222 ista
1774 1150 1861 1224 olim

659 1240 847 1316 constituta
869 1239 1022 1316 suerunt.
1070 1237 1121 1314 Et
1142 1237 1379 1337 periculosum
1470 1241 1509 1316 in
1531 1241 1783 1341 qualiscunque
1800 1247 1861 1324 seu

657 1331 841 1433 cujussibet
854 1335 1097 1434 judiciumunu
1109 1337 1231 1412 omnia
1275 1357 1400 1424 oriere.
1420 1359 1462 1412 ut
1505 1341 1576 1414 uod
1594 1341 1653 1414 ille
1666 1343 1862 1435 existimet,

655 1433 695 1510 id
707 1436 877 1510 continuo
893 1451 1009 1510 ratum
1027 1433 1215 1509 habeatur:
1240 1360 1445 1511 Jsolerabile
1507 1457 1560 1522 et,
1585 1433 1762 1534 lijudieer
1778 1441 1863 1516 sem·

656 1553 725 1628 per
743 1529 853 1607 ellent
871 1534 958 1608 tales
976 1531 1096 1628 quales
1107 1527 1175 1604 else
1188 1531 1345 1620 debent,
1368 1531 1406 1605 id
1422 1531 1473 1607 est
1486 1534 1556 1609 viri
1570 1534 1676 1618 boni:
1699 1529 1758 1609 sed
1774 1561 1862 1634 quo

655 1647 909 1725 uumquemque
929 1627 1083 1725 reperies
1101 1649 1174 1700 uon
1195 1626 1393 1725 expositum
1418 1631 1479 1704 uel
1502 1633 1646 1728 gratiae,
1670 1633 1731 1706 vel
1754 1635 1863 1712 ambi-

657 1726 767 1809 rioni.
791 1727 852 1802 vel
875 1722 1058 1802 avaritiael
1080 1719 1143 1798 Sic
1162 1725 1326 1818 equidem
1339 1727 1415 1799 vita
1438 1724 1589 1806 humana
1612 1729 1764 1803 maxime
1786 1753 1859 1808 tur·

656 1820 827 1908 baretur,
847 1818 930 1898 cim
952 1843 1025 1896 non
1044 1819 1154 1896 modd
1170 1818 1336 1911 diverfis,
1359 1819 1417 1896 sed
1435 1822 1568 1908 eidem,
1594 1823 1769 1900 diversum
1789 1849 1858 1923 pro

655 1916 762 1992 animi
779 1917 838 1994 sui.
852 1919 998 1994 libidine
1015 1914 1133 1992 forsan
1146 1915 1337 1994 videbitur.
1387 1913 1547 1993 Affeiius
1562 1922 1681 2019 iraque
1696 1921 1858 2020 judicum

653 2013 876 2094 necessarium
892 2013 959 2089 fuit
970 2009 1180 2101 refraenare,
1204 2035 1333 2090 utnon
1347 2037 1396 2090 ex
1411 2012 1695 2114 suacupiditate‚
1721 2018 1779 2094 sed
1797 2019 1858 2116 ju·

652 2109 1857 2309 siswfficmilitionriessiffigeursshdfiecihffi'snio‘irgocpougliltsursdasrtinqiiird

929 2259 942 2296 5
1650 2263 1667 2300 5
1844 2255 1858 2272 ⁶

651 2307 782 2384 luntate
801 2303 924 2400 iudicis
939 2303 1041 2380 stabit
1056 2305 1152 2402 aequi
1173 2305 1260 2379 boni
1287 2328 1331 2380 ue
1354 2303 1528 2384 diffinitio.
1577 2307 1783 2384 Curandum
1808 2331 1859 2387 ta-

656 2423 811 2492 men,ut
826 2403 925 2500 quod
937 2402 1026 2498 legis
1036 2403 1178 2476 nomine
1192 2330 1454 2498 praescribitur,
1466 2403 1618 2479 maxime
1634 2404 1677 2479 lit
1693 2429 1862 2503 aequum,

655 2503 858 2600 aequitatem
877 2518 994 2574 autem
1013 2519 1057 2574 ex
1081 2497 1333 2596 prudentissimi
1351 2521 1457 2596 atque
1474 2502 1601 2596 optimi
1628 2504 1697 2576 viri
1718 2504 1857 2598 judicio

657 2595 821 2674 constitui
838 2615 1003 2693 oportere
1025 2593 1163 2669 nonest
1181 2597 1339 2670 dubium.
1389 2597 1509 2692 Atque
1528 2597 1564 2668 in
1585 2602 1656 2670 hoc
1671 2597 1736 2672 tibi
1748 2597 1854 2674 allen·

655 2697 748 2778 rior,
770 2689 886 2768 sontes
904 2689 970 2770 esse
991 2693 1076 2789 iuris
1099 2689 1379 2786 Philosophiam,
1404 2689 1462 2765 sed
1480 2715 1597 2768 tamen
1615 2690 1713 2768 istam
1736 2693 1857 2770 Philo·

657 2789 834 2891 sophiam,
859 2793 951 2866 unde
969 2789 1030 2885 lus
1051 2789 1169 2886 Civile
1187 2788 1415 2864 hauriendum
1432 2788 1507 2878 est,
1532 2813 1577 2862 an
1595 2793 1655 2865 vel
1672 2790 1781 2890 ipsam
1794 2795 1856 2868 ha·

657 2892 801 2968 beamus
825 2887 963 2985 scriptis
993 2884 1176 2973 traditam,
1202 2884 1375 2960 nonsatis
1399 2883 1480 2960 scio.
1532 2883 1627 2962 Nam
1648 2887 1791 2962 Plutonis
1816 2889 1854 2964 δι

657 2985 955 3085 Philosophorum
982 2988 1130 3058 aliorum
1150 2985 1302 3060 rationes
1326 3004 1398 3058 non
1421 2981 1500 3058 satis
1519 3005 1600 3059 cum
1617 2981 1681 3058 usu
1702 2986 1857 3062 humano
1880 2995 1887 3011 ‘

657 3086 896 3172 conveniunt,
920 3081 1156 3178 videnturque
1174 3104 1193 3154 a
1209 3079 1332 3178 politia
1346 3077 1540 3154 alieniores.
1588 3081 1700 3178 Quod
1716 3081 1854 3158 severo

657 3207 740 3258 cum
757 3182 896 3275 'Ulpiano
923 3181 1087 3254 volumus
1111 3177 1256 3262 sentire,
1280 3177 1354 3276 ipsa
1377 3174 1657 3273 Jurisprudentia
1683 3202 1780 3254 mera
1804 3179 1873 3255 est·

656 3275 907 3374 Philosophia,
933 3277 971 3352 &
994 3298 1096 3364 vera,
1123 3298 1203 3348 nam
1226 3299 1308 3372 quae
1336 3278 1375 3350 in
1398 3275 1517 3350 verbis
1541 3273 1692 3350 consistit
1705 3327 1719 3364 ,
1753 3275 1790 3352 δι
1809 3277 1857 3352 ab

657 3375 838 3452 ueteribus
866 3369 1091 3469 philosophis
1120 3369 1333 3468 pertradiata
1364 3369 1463 3458 suit,
1491 3373 1599 3448 uariis
1629 3373 1860 3468 opinionibus

659 3476 791 3568 agitata
804 3469 874 3558 eli,
887 3469 1111 3582 minimeque
1121 3491 1202 3544 curu
1217 3470 1359 3580 Civium
1374 3465 1532 3543 moribus
1546 3471 1724 3546 convenit.
1773 3469 1857 3550 Sola

659 3589 794 3741 hili
804 3561 1857 3760 illlulh,lhldffihl‘lifilh&lilii

661 3764 764 3839 uliam
783 3763 901 3836 adbuc
916 3778 1044 3844 artem,
1062 3759 1200 3856 aliaque
1210 3780 1338 3855 genera
1354 3761 1417 3851 (ut
1427 3757 1475 3836 fic
1492 3757 1629 3854 dicam)
1653 3759 1744 3858 Jurir
1760 3785 1857 3856 quae·

659 3883 756 3948 uere,
778 3881 889 3955 quum
907 3858 977 3930 hoc
999 3855 1085 3928 mihi
1099 3853 1277 3930 absolvisse
1294 3857 1456 3933 omnibus
1471 3879 1538 3952 pro
1568 3880 1587 3931 e
1612 3857 1764 3933 numeris
1787 3859 1858 3952 Ju-

657 3956 816 4053 ,ir'm‘anus
840 3955 1010 4031 videatur·
1059 3949 1186 4029 Voluit
1209 3954 1300 4027 enim
1318 3952 1422 4028 Cicero
1440 3956 1497 4050 jus
1558 3955 1641 4030 ivile
1666 3956 1703 4030 in
1727 3975 1856 4050 genera

687 4055 777 4128 rimo
793 4051 923 4133 dividi,
948 4049 1030 4122 dem
1053 4071 1184 4145 genera
1200 4050 1235 4123 in
1250 4047 1311 4124 sua
1328 4049 1501 4146 dispertiri
1519 4053 1686 4127 membra.
1711 4051 1768 4127 An
1784 4075 1858 4128 nom

658 4075 735 4224 hoo
764 4145 897 4221 fadum
929 4141 979 4220 est
1003 4145 1038 4217 in
1063 4145 1187 4222 nostris
1208 4146 1491 4222 voluminibus?
1520 4143 1717 4223 brevifflmb
1741 4167 1858 4222 autem

662 4249 700 4325 ln
732 4240 1044 4318 institutionibus?
1082 4244 1180 4339 quod
1209 4244 1387 4340 explicare
1411 4243 1580 4336 exemplis
1604 4241 1700 4340 apud
1723 4263 1760 4317 te
1783 4267 1858 4319 non

663 4340 713 4418 est
732 4334 968 4416 necesarium.
1016 4333 1101 4413 Hoc
1121 4360 1203 4416 ante
1230 4341 1331 4432 Croffi
1350 4358 1489 4416 atatem
1514 4335 1645 4412 fadum
1670 4359 1742 4412 non
1766 4335 1857 4430 suit,

663 4457 744 4518 eum
764 4435 915 4534 primum
937 4435 1034 4528 leges
1054 4457 1123 4510 mr.
1139 4436 1356 4518 tabularum,
1380 4439 1490 4512 multa
1505 4437 1726 4512 continerem
1740 4440 1861 4533 capita

662 4535 788 4622 eudem
804 4533 926 4618 mune
942 4583 957 4624 ,
975 4537 1053 4635 quo
1064 4529 1171 4628 ,fuere
1193 4527 1422 4616 Decemviri
1442 4529 1619 4636 suggesta,
1649 4533 1859 4712 iuterpieppp·

1841 4653 1861 4711 ί
