<?xml version="1.0" encoding="UTF-8"?>
<!DOCTYPE html PUBLIC "-//W3C//DTD XHTML 1.0 Transitional//EN"
    "http://www.w3.org/TR/xhtml1/DTD/xhtml1-transitional.dtd">
<html xmlns="http://www.w3.org/1999/xhtml" xml:lang="en" lang="en">
 <head>
  <title>
</title>
<meta http-equiv="Content-Type" content="text/html;charset=utf-8" />
  <meta name='ocr-system' content='tesseract 3.04.00' />
  <meta name='ocr-capabilities' content='ocr_page ocr_carea ocr_par ocr_line ocrx_word'/>
</head>
<body>
  <div class='ocr_page' id='page_1' title='image "./vitavigliiabayt00ayttgoog_0310.png"; bbox 0 0 4742 5814; ppageno 0'>
   <div class='ocr_carea' id='block_1_1' title="bbox 535 561 1641 701">
    <p class='ocr_par' dir='ltr' id='par_1_1' title="bbox 535 508 1641 701">
     <span class='ocr_line' id='line_1_1' title="bbox 535 561 1641 701; baseline 0.001 -29"><span class='ocrx_word' id='word_1_1' title='bbox 535 561 733 672; x_wconf 74' lang='lat' dir='ltr'><strong>eursu:</strong></span> <span class='ocrx_word' id='word_1_2' title='bbox 761 569 1070 670; x_wconf 70' lang='lat' dir='ltr'><strong>sonuere</strong></span> <span class='ocrx_word' id='word_1_3' title='bbox 1094 593 1160 668; x_wconf 77' lang='lat' dir='ltr'><strong>n&gt;</strong></span> <span class='ocrx_word' id='word_1_4' title='bbox 1196 572 1526 679; x_wconf 75' lang='lat' dir='ltr'><strong>owunsos.</strong></span> <span class='ocrx_word' id='word_1_5' title='bbox 1556 606 1641 701; x_wconf 60' lang='grc' dir='ltr'><strong>ης</strong></span> 
     </span>
    </p>
   </div>
   <div class='ocr_carea' id='block_1_2' title="bbox 433 770 1641 1453">
    <p class='ocr_par' dir='ltr' id='par_1_2' title="bbox 433 770 1641 1453">
     <span class='ocr_line' id='line_1_2' title="bbox 438 770 1639 874; baseline 0.002 -22"><span class='ocrx_word' id='word_1_6' title='bbox 438 795 590 874; x_wconf 73' lang='lat' dir='ltr'><strong>rogans,</strong></span> <span class='ocrx_word' id='word_1_7' title='bbox 622 795 683 852; x_wconf 87' lang='lat' dir='ltr'><strong>aot</strong></span> <span class='ocrx_word' id='word_1_8' title='bbox 710 770 899 870; x_wconf 88' lang='lat' dir='ltr'><strong>superbum</strong></span> <span class='ocrx_word' id='word_1_9' title='bbox 929 772 1200 866; x_wconf 71' lang='lat' dir='ltr'><strong>animadvertit„</strong></span> <span class='ocrx_word' id='word_1_10' title='bbox 1224 772 1283 850; x_wconf 86' lang='lat' dir='ltr'><strong>sed</strong></span> <span class='ocrx_word' id='word_1_11' title='bbox 1308 773 1407 873; x_wconf 81' lang='lat' dir='ltr'><strong>cujus</strong></span> <span class='ocrx_word' id='word_1_12' title='bbox 1434 776 1639 854; x_wconf 83' lang='lat' dir='ltr'><strong>interiorem</strong></span> 
     </span>
     <span class='ocr_line' id='line_1_3' title="bbox 437 868 1641 986; baseline -0.013 -38"><span class='ocrx_word' id='word_1_13' title='bbox 437 875 693 986; x_wconf 73' lang='lat' dir='ltr'><strong>eruditionem,</strong></span> <span class='ocrx_word' id='word_1_14' title='bbox 716 873 800 982; x_wconf 65' lang='lat' dir='ltr'><strong>vita</strong></span> <span class='ocrx_word' id='word_1_15' title='bbox 829 868 1001 982; x_wconf 75' lang='lat' dir='ltr'><strong>sobrietar</strong></span> <span class='ocrx_word' id='word_1_16' title='bbox 1021 893 1063 948; x_wconf 81' lang='lat' dir='ltr'><strong>ae</strong></span> <span class='ocrx_word' id='word_1_17' title='bbox 1084 871 1269 958; x_wconf 86' lang='lat' dir='ltr'><strong>modestia,</strong></span> <span class='ocrx_word' id='word_1_18' title='bbox 1292 872 1424 968; x_wconf 82' lang='lat' dir='ltr'><strong>linguae</strong></span> <span class='ocrx_word' id='word_1_19' title='bbox 1446 891 1516 948; x_wconf 72' lang='lat' dir='ltr'><strong>tem</strong></span> <span class='ocrx_word' id='word_1_20' title='bbox 1564 879 1641 950; x_wconf 62' lang='lat' dir='ltr'><strong>ran.</strong></span> 
     </span>
     <span class='ocr_line' id='line_1_4' title="bbox 438 967 1638 1164; baseline -0.001 -25"><span class='ocrx_word' id='word_1_21' title='bbox 438 967 1374 1160; x_wconf 53' lang='lat' dir='ltr'><strong>mtrtilllllztlltln§inolitis</strong></span> <span class='ocrx_word' id='word_1_22' title='bbox 1391 989 1550 1140; x_wconf 61' lang='lat' dir='ltr'><strong>“tiit</strong></span> <span class='ocrx_word' id='word_1_23' title='bbox 1568 985 1638 1164; x_wconf 64' lang='lat' dir='ltr'><strong>lt:</strong></span> 
     </span>
     <span class='ocr_line' id='line_1_5' title="bbox 436 1158 1637 1271; baseline 0.002 -34"><span class='ocrx_word' id='word_1_24' title='bbox 436 1158 618 1259; x_wconf 58' lang='lat' dir='ltr'><strong>pentane</strong></span> <span class='ocrx_word' id='word_1_25' title='bbox 629 1184 671 1238; x_wconf 91' lang='lat' dir='ltr'><strong>ut</strong></span> <span class='ocrx_word' id='word_1_26' title='bbox 683 1162 732 1236; x_wconf 91' lang='lat' dir='ltr'><strong>ita</strong></span> <span class='ocrx_word' id='word_1_27' title='bbox 748 1181 787 1234; x_wconf 90' lang='lat' dir='ltr'><strong>te·</strong></span> <span class='ocrx_word' id='word_1_28' title='bbox 802 1160 1208 1256; x_wconf 80' lang='lat' dir='ltr'><strong>componas‚nonmodri</strong></span> <span class='ocrx_word' id='word_1_29' title='bbox 1224 1180 1264 1234; x_wconf 88' lang='lat' dir='ltr'><strong>ut</strong></span> <span class='ocrx_word' id='word_1_30' title='bbox 1278 1163 1372 1271; x_wconf 76' lang='lat' dir='ltr'><strong>apud</strong></span> <span class='ocrx_word' id='word_1_31' title='bbox 1383 1165 1540 1237; x_wconf 84' lang='lat' dir='ltr'><strong>eruditos</strong></span> <span class='ocrx_word' id='word_1_32' title='bbox 1550 1161 1637 1240; x_wconf 83' lang='lat' dir='ltr'><strong>huie</strong></span> 
     </span>
     <span class='ocr_line' id='line_1_6' title="bbox 437 1255 1638 1370; baseline 0.002 -36"><span class='ocrx_word' id='word_1_33' title='bbox 437 1256 654 1355; x_wconf 83' lang='lat' dir='ltr'><strong>proleffioni,</strong></span> <span class='ocrx_word' id='word_1_34' title='bbox 687 1255 814 1338; x_wconf 80' lang='lat' dir='ltr'><strong>veruo</strong></span> <span class='ocrx_word' id='word_1_35' title='bbox 842 1259 947 1333; x_wconf 82' lang='lat' dir='ltr'><strong>etiarn</strong></span> <span class='ocrx_word' id='word_1_36' title='bbox 971 1259 1070 1370; x_wconf 69' lang='lat' dir='ltr'><strong>tulgi</strong></span> <span class='ocrx_word' id='word_1_37' title='bbox 1088 1259 1137 1333; x_wconf 31' lang='lat' dir='ltr'><strong>*de</strong></span> <span class='ocrx_word' id='word_1_38' title='bbox 1160 1277 1197 1332; x_wconf 82' lang='lat' dir='ltr'><strong>te</strong></span> <span class='ocrx_word' id='word_1_39' title='bbox 1218 1257 1482 1345; x_wconf 82' lang='lat' dir='ltr'><strong>exillrmationi,</strong></span> <span class='ocrx_word' id='word_1_40' title='bbox 1505 1257 1638 1336; x_wconf 76' lang='lat' dir='ltr'><strong>faern-</strong></span> 
     </span>
     <span class='ocr_line' id='line_1_7' title="bbox 433 1352 1636 1453; baseline 0 -22"><span class='ocrx_word' id='word_1_41' title='bbox 433 1356 520 1432; x_wconf 80' lang='lat' dir='ltr'><strong>ciaa.</strong></span> <span class='ocrx_word' id='word_1_42' title='bbox 569 1353 629 1430; x_wconf 90' lang='lat' dir='ltr'><strong>De</strong></span> <span class='ocrx_word' id='word_1_43' title='bbox 645 1355 837 1432; x_wconf 78' lang='lat' dir='ltr'><strong>lludiomm</strong></span> <span class='ocrx_word' id='word_1_44' title='bbox 855 1375 967 1450; x_wconf 86' lang='lat' dir='ltr'><strong>porro</strong></span> <span class='ocrx_word' id='word_1_45' title='bbox 988 1373 1123 1430; x_wconf 78' lang='lat' dir='ltr'><strong>ratione</strong></span> <span class='ocrx_word' id='word_1_46' title='bbox 1140 1354 1249 1431; x_wconf 82' lang='lat' dir='ltr'><strong>multa</strong></span> <span class='ocrx_word' id='word_1_47' title='bbox 1263 1352 1328 1427; x_wconf 91' lang='lat' dir='ltr'><strong>tibi</strong></span> <span class='ocrx_word' id='word_1_48' title='bbox 1346 1352 1438 1448; x_wconf 53' lang='lat' dir='ltr'><strong>&amp;pe</strong></span> <span class='ocrx_word' id='word_1_49' title='bbox 1458 1357 1636 1453; x_wconf 70' lang='lat' dir='ltr'><strong>praecepi,</strong></span> 
     </span>
    </p>
   </div>
   <div class='ocr_carea' id='block_1_3' title="bbox 308 1447 1635 1550">
    <p class='ocr_par' dir='ltr' id='par_1_3' title="bbox 308 1447 1635 1550">
     <span class='ocr_line' id='line_1_8' title="bbox 308 1447 1635 1550; baseline 0 -26"><span class='ocrx_word' id='word_1_50' title='bbox 308 1517 311 1524; x_wconf 91' lang='grc'><em>,</em></span> <span class='ocrx_word' id='word_1_51' title='bbox 438 1453 484 1526; x_wconf 85' lang='lat' dir='ltr'><strong>atl</strong></span> <span class='ocrx_word' id='word_1_52' title='bbox 498 1449 650 1550; x_wconf 82' lang='lat' dir='ltr'><strong>praesens</strong></span> <span class='ocrx_word' id='word_1_53' title='bbox 665 1453 752 1528; x_wconf 82' lang='lat' dir='ltr'><strong>verti</strong></span> <span class='ocrx_word' id='word_1_54' title='bbox 769 1448 1011 1546; x_wconf 80' lang='lat' dir='ltr'><strong>exequendum</strong></span> <span class='ocrx_word' id='word_1_55' title='bbox 1020 1448 1236 1542; x_wconf 84' lang='lat' dir='ltr'><strong>institutum,</strong></span> <span class='ocrx_word' id='word_1_56' title='bbox 1260 1447 1342 1523; x_wconf 83' lang='lat' dir='ltr'><strong>etim</strong></span> <span class='ocrx_word' id='word_1_57' title='bbox 1355 1452 1490 1548; x_wconf 86' lang='lat' dir='ltr'><strong>aliquot</strong></span> <span class='ocrx_word' id='word_1_58' title='bbox 1500 1470 1635 1526; x_wconf 86' lang='lat' dir='ltr'><strong>tantum</strong></span> 
     </span>
    </p>
   </div>
   <div class='ocr_carea' id='block_1_4' title="bbox 424 1545 1710 4344">
    <p class='ocr_par' dir='ltr' id='par_1_4' title="bbox 431 1545 1648 2706">
     <span class='ocr_line' id='line_1_9' title="bbox 436 1545 1637 1644; baseline -0.002 -22"><span class='ocrx_word' id='word_1_59' title='bbox 436 1547 569 1623; x_wconf 82' lang='lat' dir='ltr'><strong>menses</strong></span> <span class='ocrx_word' id='word_1_60' title='bbox 582 1549 620 1622; x_wconf 91' lang='lat' dir='ltr'><strong>in</strong></span> <span class='ocrx_word' id='word_1_61' title='bbox 635 1545 735 1623; x_wconf 72' lang='lat' dir='ltr'><strong>ltalia</strong></span> <span class='ocrx_word' id='word_1_62' title='bbox 749 1569 783 1622; x_wconf 88' lang='lat' dir='ltr'><strong>te</strong></span> <span class='ocrx_word' id='word_1_63' title='bbox 800 1545 970 1622; x_wconf 82' lang='lat' dir='ltr'><strong>haesurum</strong></span> <span class='ocrx_word' id='word_1_64' title='bbox 995 1547 1208 1644; x_wconf 84' lang='lat' dir='ltr'><strong>intelligam,</strong></span> <span class='ocrx_word' id='word_1_65' title='bbox 1231 1565 1346 1644; x_wconf 83' lang='lat' dir='ltr'><strong>pauca</strong></span> <span class='ocrx_word' id='word_1_66' title='bbox 1376 1547 1545 1622; x_wconf 78' lang='lat' dir='ltr'>duntaxat</span> <span class='ocrx_word' id='word_1_67' title='bbox 1561 1569 1637 1620; x_wconf 90' lang='lat' dir='ltr'><strong>mo·</strong></span> 
     </span>
     <span class='ocr_line' id='line_1_10' title="bbox 438 1641 1635 1742; baseline -0.001 -22"><span class='ocrx_word' id='word_1_68' title='bbox 438 1643 553 1733; x_wconf 85' lang='lat' dir='ltr'>nebo,</span> <span class='ocrx_word' id='word_1_69' title='bbox 577 1643 637 1720; x_wconf 87' lang='lat' dir='ltr'><strong>sed</strong></span> <span class='ocrx_word' id='word_1_70' title='bbox 658 1666 737 1742; x_wconf 83' lang='lat' dir='ltr'><strong>quae</strong></span> <span class='ocrx_word' id='word_1_71' title='bbox 761 1641 787 1718; x_wconf 88' lang='lat' dir='ltr'><strong>st</strong></span> <span class='ocrx_word' id='word_1_72' title='bbox 811 1665 851 1718; x_wconf 90' lang='lat' dir='ltr'><strong>tu</strong></span> <span class='ocrx_word' id='word_1_73' title='bbox 872 1644 1058 1740; x_wconf 76' lang='lat' dir='ltr'><strong>diligenter</strong></span> <span class='ocrx_word' id='word_1_74' title='bbox 1081 1642 1217 1719; x_wconf 84' lang='lat' dir='ltr'><strong>secutus</strong></span> <span class='ocrx_word' id='word_1_75' title='bbox 1240 1642 1371 1730; x_wconf 83' lang='lat' dir='ltr'><strong>fueris,</strong></span> <span class='ocrx_word' id='word_1_76' title='bbox 1395 1644 1491 1718; x_wconf 89' lang='lat' dir='ltr'><strong>haud</strong></span> <span class='ocrx_word' id='word_1_77' title='bbox 1520 1664 1554 1718; x_wconf 94' lang='lat' dir='ltr'><strong>te</strong></span> <span class='ocrx_word' id='word_1_78' title='bbox 1576 1647 1635 1719; x_wconf 88' lang='lat' dir='ltr'><strong>vel</strong></span> 
     </span>
     <span class='ocr_line' id='line_1_11' title="bbox 435 1737 1634 1838; baseline -0.002 -22"><span class='ocrx_word' id='word_1_79' title='bbox 435 1739 673 1830; x_wconf 77' lang='lat' dir='ltr'><strong>meioonsrlii,</strong></span> <span class='ocrx_word' id='word_1_80' title='bbox 696 1741 758 1818; x_wconf 87' lang='lat' dir='ltr'><strong>vel</strong></span> <span class='ocrx_word' id='word_1_81' title='bbox 772 1741 826 1818; x_wconf 84' lang='lat' dir='ltr'><strong>tui</strong></span> <span class='ocrx_word' id='word_1_82' title='bbox 848 1737 1007 1836; x_wconf 79' lang='lat' dir='ltr'><strong>obsequii</strong></span> <span class='ocrx_word' id='word_1_83' title='bbox 1024 1763 1186 1838; x_wconf 82' lang='lat' dir='ltr'><strong>umquam</strong></span> <span class='ocrx_word' id='word_1_84' title='bbox 1207 1740 1402 1835; x_wconf 71' lang='lat' dir='ltr'><strong>penitebit.</strong></span> <span class='ocrx_word' id='word_1_85' title='bbox 1452 1742 1545 1815; x_wconf 90' lang='lat' dir='ltr'><strong>Illud</strong></span> <span class='ocrx_word' id='word_1_86' title='bbox 1561 1763 1634 1814; x_wconf 87' lang='lat' dir='ltr'><strong>non</strong></span> 
     </span>
     <span class='ocr_line' id='line_1_12' title="bbox 435 1833 1632 1936; baseline -0.001 -23"><span class='ocrx_word' id='word_1_87' title='bbox 435 1839 587 1915; x_wconf 79' lang='lat' dir='ltr'><strong>arbitror</strong></span> <span class='ocrx_word' id='word_1_88' title='bbox 610 1861 700 1936; x_wconf 84' lang='lat' dir='ltr'><strong>opus</strong></span> <span class='ocrx_word' id='word_1_89' title='bbox 717 1834 803 1926; x_wconf 80' lang='lat' dir='ltr'><strong>effe,</strong></span> <span class='ocrx_word' id='word_1_90' title='bbox 823 1858 869 1913; x_wconf 81' lang='lat' dir='ltr'><strong>ut</strong></span> <span class='ocrx_word' id='word_1_91' title='bbox 885 1833 1141 1912; x_wconf 73' lang='lat' dir='ltr'><strong>Bibliothecam</strong></span> <span class='ocrx_word' id='word_1_92' title='bbox 1156 1859 1199 1912; x_wconf 86' lang='lat' dir='ltr'><strong>oo</strong></span> <span class='ocrx_word' id='word_1_93' title='bbox 1215 1853 1333 1912; x_wconf 88' lang='lat' dir='ltr'><strong>tecum</strong></span> <span class='ocrx_word' id='word_1_94' title='bbox 1347 1839 1519 1924; x_wconf 84' lang='lat' dir='ltr'><strong>devehat,</strong></span> <span class='ocrx_word' id='word_1_95' title='bbox 1544 1839 1632 1932; x_wconf 86' lang='lat' dir='ltr'><strong>quid</strong></span> 
     </span>
     <span class='ocr_line' id='line_1_13' title="bbox 431 1929 1633 2032; baseline -0.004 -22"><span class='ocrx_word' id='word_1_96' title='bbox 431 1937 528 2010; x_wconf 83' lang='lat' dir='ltr'><strong>enim</strong></span> <span class='ocrx_word' id='word_1_97' title='bbox 543 1934 726 2012; x_wconf 84' lang='lat' dir='ltr'><strong>tumbrevi</strong></span> <span class='ocrx_word' id='word_1_98' title='bbox 744 1956 817 2009; x_wconf 83' lang='lat' dir='ltr'><strong>tem</strong></span> <span class='ocrx_word' id='word_1_99' title='bbox 844 1957 906 2009; x_wconf 87' lang='lat' dir='ltr'><strong>ore</strong></span> <span class='ocrx_word' id='word_1_100' title='bbox 922 1952 977 2007; x_wconf 90' lang='lat' dir='ltr'><strong>tot</strong></span> <span class='ocrx_word' id='word_1_101' title='bbox 987 1931 1088 2008; x_wconf 78' lang='lat' dir='ltr'><strong>libris</strong></span> <span class='ocrx_word' id='word_1_102' title='bbox 1102 1955 1193 2032; x_wconf 83' lang='lat' dir='ltr'><strong>oput</strong></span> <span class='ocrx_word' id='word_1_103' title='bbox 1215 1931 1291 2007; x_wconf 72' lang='lat' dir='ltr'><strong>esti</strong></span> <span class='ocrx_word' id='word_1_104' title='bbox 1315 1929 1376 2005; x_wconf 84' lang='lat' dir='ltr'><strong>sed</strong></span> <span class='ocrx_word' id='word_1_105' title='bbox 1395 1957 1437 2008; x_wconf 89' lang='lat' dir='ltr'><strong>eo</strong></span> <span class='ocrx_word' id='word_1_106' title='bbox 1455 1934 1516 2008; x_wconf 88' lang='lat' dir='ltr'><strong>ubi</strong></span> <span class='ocrx_word' id='word_1_107' title='bbox 1530 1955 1633 2008; x_wconf 85' lang='lat' dir='ltr'><strong>vene-</strong></span> 
     </span>
     <span class='ocr_line' id='line_1_14' title="bbox 436 1957 1631 2128; baseline -0.002 -22"><span class='ocrx_word' id='word_1_108' title='bbox 436 2037 505 2118; x_wconf 83' lang='lat' dir='ltr'><strong>ris,</strong></span> <span class='ocrx_word' id='word_1_109' title='bbox 524 2029 798 2128; x_wconf 57' lang='lat' dir='ltr'><strong>conlucremur</strong></span> <span class='ocrx_word' id='word_1_110' title='bbox 814 1957 890 2106; x_wconf 60' lang='lat' dir='ltr'><strong>ieri</strong></span> <span class='ocrx_word' id='word_1_111' title='bbox 904 2029 942 2106; x_wconf 87' lang='lat' dir='ltr'><strong>iu</strong></span> <span class='ocrx_word' id='word_1_112' title='bbox 956 2029 1058 2106; x_wconf 77' lang='lat' dir='ltr'><strong>ltalia</strong></span> <span class='ocrx_word' id='word_1_113' title='bbox 1071 2029 1182 2121; x_wconf 85' lang='lat' dir='ltr'><strong>solet)</strong></span> <span class='ocrx_word' id='word_1_114' title='bbox 1207 2050 1289 2118; x_wconf 88' lang='lat' dir='ltr'><strong>aut,</strong></span> <span class='ocrx_word' id='word_1_115' title='bbox 1314 2029 1484 2125; x_wconf 87' lang='lat' dir='ltr'><strong>quianon</strong></span> <span class='ocrx_word' id='word_1_116' title='bbox 1504 2049 1631 2124; x_wconf 83' lang='lat' dir='ltr'><strong>magno</strong></span> 
     </span>
     <span class='ocr_line' id='line_1_15' title="bbox 433 2125 1634 2226; baseline -0.002 -24"><span class='ocrx_word' id='word_1_117' title='bbox 433 2131 479 2203; x_wconf 89' lang='lat' dir='ltr'><strong>ad</strong></span> <span class='ocrx_word' id='word_1_118' title='bbox 491 2131 530 2202; x_wconf 88' lang='lat' dir='ltr'><strong>iti</strong></span> <span class='ocrx_word' id='word_1_119' title='bbox 565 2129 680 2224; x_wconf 87' lang='lat' dir='ltr'><strong>pretio</strong></span> <span class='ocrx_word' id='word_1_120' title='bbox 696 2147 787 2226; x_wconf 81' lang='lat' dir='ltr'><strong>opur</strong></span> <span class='ocrx_word' id='word_1_121' title='bbox 809 2127 877 2213; x_wconf 86' lang='lat' dir='ltr'><strong>eli,</strong></span> <span class='ocrx_word' id='word_1_122' title='bbox 901 2149 1016 2208; x_wconf 84' lang='lat' dir='ltr'><strong>emet.</strong></span> <span class='ocrx_word' id='word_1_123' title='bbox 1048 2125 1227 2223; x_wconf 88' lang='lat' dir='ltr'><strong>utriusque</strong></span> <span class='ocrx_word' id='word_1_124' title='bbox 1249 2126 1367 2221; x_wconf 70' lang='lat' dir='ltr'><strong>June,</strong></span> <span class='ocrx_word' id='word_1_125' title='bbox 1392 2126 1519 2206; x_wconf 82' lang='lat' dir='ltr'><strong>Civilis</strong></span> <span class='ocrx_word' id='word_1_126' title='bbox 1544 2125 1634 2200; x_wconf 84' lang='lat' dir='ltr'><strong>scili·</strong></span> 
     </span>
     <span class='ocr_line' id='line_1_16' title="bbox 432 2219 1648 2320; baseline -0.005 -18"><span class='ocrx_word' id='word_1_127' title='bbox 432 2249 492 2302; x_wconf 87' lang='lat' dir='ltr'><strong>cet</strong></span> <span class='ocrx_word' id='word_1_128' title='bbox 510 2225 548 2297; x_wconf 84' lang='lat'>&amp;</span> <span class='ocrx_word' id='word_1_129' title='bbox 574 2225 768 2311; x_wconf 82' lang='lat' dir='ltr'><strong>canonici,</strong></span> <span class='ocrx_word' id='word_1_130' title='bbox 790 2245 933 2320; x_wconf 76' lang='lat' dir='ltr'><strong>eorpus.</strong></span> <span class='ocrx_word' id='word_1_131' title='bbox 983 2219 1055 2298; x_wconf 86' lang='lat' dir='ltr'><strong>Cui</strong></span> <span class='ocrx_word' id='word_1_132' title='bbox 1079 2224 1242 2296; x_wconf 71' lang='lat' dir='ltr'><strong>Butrium</strong></span> <span class='ocrx_word' id='word_1_133' title='bbox 1265 2221 1455 2319; x_wconf 83' lang='lat' dir='ltr'><strong>adjungere</strong></span> <span class='ocrx_word' id='word_1_134' title='bbox 1478 2224 1648 2318; x_wconf 84' lang='lat' dir='ltr'><strong>poteris,¹</strong></span> 
     </span>
     <span class='ocr_line' id='line_1_17' title="bbox 435 2318 1632 2418; baseline -0.003 -22"><span class='ocrx_word' id='word_1_135' title='bbox 435 2323 473 2396; x_wconf 78' lang='grc' dir='ltr'><strong>δι</strong></span> <span class='ocrx_word' id='word_1_136' title='bbox 497 2321 656 2418; x_wconf 83' lang='lat' dir='ltr'><strong>inprimit</strong></span> <span class='ocrx_word' id='word_1_137' title='bbox 685 2318 852 2394; x_wconf 87' lang='lat' dir='ltr'><strong>summam</strong></span> <span class='ocrx_word' id='word_1_138' title='bbox 877 2319 1027 2410; x_wconf 80' lang='lat' dir='ltr'><strong>Azouis,</strong></span> <span class='ocrx_word' id='word_1_139' title='bbox 1059 2341 1164 2417; x_wconf 84' lang='lat' dir='ltr'><strong>quam</strong></span> <span class='ocrx_word' id='word_1_140' title='bbox 1189 2320 1292 2394; x_wconf 86' lang='lat' dir='ltr'><strong>etiam</strong></span> <span class='ocrx_word' id='word_1_141' title='bbox 1315 2340 1355 2392; x_wconf 91' lang='lat' dir='ltr'><strong>ut</strong></span> <span class='ocrx_word' id='word_1_142' title='bbox 1379 2321 1562 2415; x_wconf 82' lang='lat' dir='ltr'><strong>diligenter</strong></span> <span class='ocrx_word' id='word_1_143' title='bbox 1588 2342 1632 2393; x_wconf 86' lang='lat' dir='ltr'><strong>ac</strong></span> 
     </span>
     <span class='ocr_line' id='line_1_18' title="bbox 433 2413 1632 2514; baseline 0.001 -24"><span class='ocrx_word' id='word_1_144' title='bbox 433 2437 548 2492; x_wconf 92' lang='lat' dir='ltr'><strong>totum</strong></span> <span class='ocrx_word' id='word_1_145' title='bbox 564 2419 662 2514; x_wconf 89' lang='lat' dir='ltr'><strong>perle</strong></span> <span class='ocrx_word' id='word_1_146' title='bbox 686 2439 783 2506; x_wconf 83' lang='lat' dir='ltr'><strong>eret,</strong></span> <span class='ocrx_word' id='word_1_147' title='bbox 808 2413 866 2490; x_wconf 87' lang='lat' dir='ltr'><strong>hic</strong></span> <span class='ocrx_word' id='word_1_148' title='bbox 882 2413 974 2512; x_wconf 70' lang='lat' dir='ltr'><strong>sape</strong></span> <span class='ocrx_word' id='word_1_149' title='bbox 995 2434 1032 2490; x_wconf 84' lang='lat' dir='ltr'><strong>te</strong></span> <span class='ocrx_word' id='word_1_150' title='bbox 1058 2418 1187 2490; x_wconf 88' lang='lat' dir='ltr'><strong>monui.</strong></span> <span class='ocrx_word' id='word_1_151' title='bbox 1239 2416 1349 2512; x_wconf 87' lang='lat' dir='ltr'><strong>Quod</strong></span> <span class='ocrx_word' id='word_1_152' title='bbox 1365 2417 1449 2494; x_wconf 78' lang='lat' dir='ltr'><strong>vero</strong></span> <span class='ocrx_word' id='word_1_153' title='bbox 1474 2438 1541 2512; x_wconf 89' lang='lat' dir='ltr'><strong>per</strong></span> <span class='ocrx_word' id='word_1_154' title='bbox 1564 2418 1632 2491; x_wconf 85' lang='lat' dir='ltr'><strong>alia</strong></span> 
     </span>
     <span class='ocr_line' id='line_1_19' title="bbox 433 2439 1633 2706; baseline -0.005 -18"><span class='ocrx_word' id='word_1_155' title='bbox 433 2439 1363 2706; x_wconf 56' lang='lat' dir='ltr'><strong>sstrtrlilalltlutrillumi?</strong></span> <span class='ocrx_word' id='word_1_156' title='bbox 1376 2513 1496 2684; x_wconf 68' lang='lat' dir='ltr'><strong>aa</strong></span> <span class='ocrx_word' id='word_1_157' title='bbox 1510 2511 1633 2683; x_wconf 68' lang='lat' dir='ltr'><strong>lu</strong></span> 
     </span>
    </p>

    <p class='ocr_par' dir='ltr' id='par_1_5' title="bbox 424 2635 1710 4344">
     <span class='ocr_line' id='line_1_20' title="bbox 1151 2658 1632 2695; baseline 0.004 -2"><span class='ocrx_word' id='word_1_158' title='bbox 1151 2661 1163 2693; x_wconf 70' lang='lat'><em>9</em></span> <span class='ocrx_word' id='word_1_159' title='bbox 1339 2659 1351 2694; x_wconf 68' lang='grc' dir='ltr'>ί</span> <span class='ocrx_word' id='word_1_160' title='bbox 1620 2658 1632 2695; x_wconf 71' lang='lat'>9</span> 
     </span>
     <span class='ocr_line' id='line_1_21' title="bbox 431 2635 1634 2805; baseline -0.004 -22"><span class='ocrx_word' id='word_1_161' title='bbox 431 2635 490 2784; x_wconf 57' lang='lat' dir='ltr'><strong>fid</strong></span> <span class='ocrx_word' id='word_1_162' title='bbox 519 2709 582 2805; x_wconf 86' lang='lat' dir='ltr'><strong>qui</strong></span> <span class='ocrx_word' id='word_1_163' title='bbox 618 2727 769 2782; x_wconf 83' lang='lat' dir='ltr'><strong>emmam</strong></span> <span class='ocrx_word' id='word_1_164' title='bbox 800 2705 911 2782; x_wconf 76' lang='lat' dir='ltr'><strong>totius</strong></span> <span class='ocrx_word' id='word_1_165' title='bbox 938 2703 1035 2798; x_wconf 67' lang='lat' dir='ltr'><strong>‚iuris</strong></span> <span class='ocrx_word' id='word_1_166' title='bbox 1062 2705 1189 2784; x_wconf 74' lang='lat' dir='ltr'><strong>Civilia</strong></span> <span class='ocrx_word' id='word_1_167' title='bbox 1219 2705 1375 2782; x_wconf 73' lang='lat' dir='ltr'><strong>dilucide</strong></span> <span class='ocrx_word' id='word_1_168' title='bbox 1400 2703 1634 2800; x_wconf 74' lang='lat' dir='ltr'><strong>ordinateque</strong></span> 
     </span>
     <span class='ocr_line' id='line_1_22' title="bbox 430 2799 1633 2898; baseline -0.005 -18"><span class='ocrx_word' id='word_1_169' title='bbox 430 2807 601 2882; x_wconf 83' lang='lat' dir='ltr'><strong>continet.</strong></span> <span class='ocrx_word' id='word_1_170' title='bbox 649 2804 741 2877; x_wconf 86' lang='lat' dir='ltr'><strong>Eum</strong></span> <span class='ocrx_word' id='word_1_171' title='bbox 764 2802 872 2898; x_wconf 79' lang='lat' dir='ltr'><strong>igitur</strong></span> <span class='ocrx_word' id='word_1_172' title='bbox 896 2803 946 2875; x_wconf 91' lang='lat' dir='ltr'><strong>ita</strong></span> <span class='ocrx_word' id='word_1_173' title='bbox 972 2799 1106 2898; x_wconf 83' lang='lat' dir='ltr'><strong>legito,</strong></span> <span class='ocrx_word' id='word_1_174' title='bbox 1136 2825 1175 2876; x_wconf 93' lang='lat' dir='ltr'><strong>ut</strong></span> <span class='ocrx_word' id='word_1_175' title='bbox 1200 2802 1282 2880; x_wconf 74' lang='lat' dir='ltr'><strong>ciem</strong></span> <span class='ocrx_word' id='word_1_176' title='bbox 1303 2803 1442 2878; x_wconf 89' lang='lat' dir='ltr'><strong>titulum</strong></span> <span class='ocrx_word' id='word_1_177' title='bbox 1480 2802 1633 2898; x_wconf 79' lang='lat' dir='ltr'><strong>aliquem</strong></span> 
     </span>
     <span class='ocr_line' id='line_1_23' title="bbox 432 2894 1634 2988; baseline -0.003 -12"><span class='ocrx_word' id='word_1_178' title='bbox 432 2899 644 2988; x_wconf 83' lang='lat' dir='ltr'><strong>absolveris,</strong></span> <span class='ocrx_word' id='word_1_179' title='bbox 668 2922 748 2974; x_wconf 87' lang='lat' dir='ltr'><strong>eum</strong></span> <span class='ocrx_word' id='word_1_180' title='bbox 775 2895 904 2974; x_wconf 71' lang='lat' dir='ltr'><strong>deinde</strong></span> <span class='ocrx_word' id='word_1_181' title='bbox 928 2894 1062 2974; x_wconf 83' lang='lat' dir='ltr'><strong>semoto</strong></span> <span class='ocrx_word' id='word_1_182' title='bbox 1086 2899 1178 2974; x_wconf 90' lang='lat' dir='ltr'><strong>libro</strong></span> <span class='ocrx_word' id='word_1_183' title='bbox 1204 2921 1322 2974; x_wconf 89' lang='lat' dir='ltr'><strong>tecum</strong></span> <span class='ocrx_word' id='word_1_184' title='bbox 1346 2895 1546 2986; x_wconf 85' lang='lat' dir='ltr'><strong>recenseas,</strong></span> <span class='ocrx_word' id='word_1_185' title='bbox 1563 2921 1634 2972; x_wconf 88' lang='lat' dir='ltr'><strong>me·</strong></span> 
     </span>
     <span class='ocr_line' id='line_1_24' title="bbox 433 2995 1630 3092; baseline -0.001 -21"><span class='ocrx_word' id='word_1_186' title='bbox 433 3000 624 3091; x_wconf 87' lang='lat' dir='ltr'><strong>moriaeque</strong></span> <span class='ocrx_word' id='word_1_187' title='bbox 641 2995 807 3080; x_wconf 82' lang='lat' dir='ltr'><strong>mandet,</strong></span> <span class='ocrx_word' id='word_1_188' title='bbox 831 3015 872 3068; x_wconf 90' lang='lat' dir='ltr'><strong>ac</strong></span> <span class='ocrx_word' id='word_1_189' title='bbox 893 3015 997 3068; x_wconf 87' lang='lat' dir='ltr'><strong>omne</strong></span> <span class='ocrx_word' id='word_1_190' title='bbox 1021 2997 1198 3092; x_wconf 83' lang='lat' dir='ltr'><strong>privatum</strong></span> <span class='ocrx_word' id='word_1_191' title='bbox 1224 2995 1315 3090; x_wconf 85' lang='lat' dir='ltr'><strong>Juris</strong></span> <span class='ocrx_word' id='word_1_192' title='bbox 1345 2995 1492 3069; x_wconf 89' lang='lat' dir='ltr'><strong>studium</strong></span> <span class='ocrx_word' id='word_1_193' title='bbox 1517 2996 1555 3068; x_wconf 92' lang='lat' dir='ltr'><strong>in</strong></span> <span class='ocrx_word' id='word_1_194' title='bbox 1585 3013 1630 3070; x_wconf 84' lang='lat' dir='ltr'><strong>eo</strong></span> 
     </span>
     <span class='ocr_line' id='line_1_25' title="bbox 430 3087 1631 3190; baseline 0 -24"><span class='ocrx_word' id='word_1_195' title='bbox 430 3093 582 3190; x_wconf 86' lang='lat' dir='ltr'><strong>legendo</strong></span> <span class='ocrx_word' id='word_1_196' title='bbox 605 3110 710 3188; x_wconf 86' lang='lat' dir='ltr'><strong>atque</strong></span> <span class='ocrx_word' id='word_1_197' title='bbox 737 3087 927 3165; x_wconf 86' lang='lat' dir='ltr'><strong>ediscendo</strong></span> <span class='ocrx_word' id='word_1_198' title='bbox 947 3092 1110 3168; x_wconf 80' lang='lat' dir='ltr'><strong>collocer.</strong></span> <span class='ocrx_word' id='word_1_199' title='bbox 1160 3091 1238 3166; x_wconf 75' lang='lat' dir='ltr'><strong>scis</strong></span> <span class='ocrx_word' id='word_1_200' title='bbox 1258 3115 1357 3186; x_wconf 29' lang='lat' dir='ltr'><strong>rarat!</strong></span> <span class='ocrx_word' id='word_1_201' title='bbox 1371 3089 1439 3166; x_wconf 78' lang='lat' dir='ltr'><strong>elie</strong></span> <span class='ocrx_word' id='word_1_202' title='bbox 1464 3092 1500 3164; x_wconf 87' lang='lat' dir='ltr'><strong>in</strong></span> <span class='ocrx_word' id='word_1_203' title='bbox 1528 3089 1631 3166; x_wconf 60' lang='lat' dir='ltr'><strong>Italia</strong></span> 
     </span>
     <span class='ocr_line' id='line_1_26' title="bbox 433 3184 1631 3286; baseline 0.002 -26"><span class='ocrx_word' id='word_1_204' title='bbox 433 3189 596 3284; x_wconf 85' lang='lat' dir='ltr'><strong>publicas</strong></span> <span class='ocrx_word' id='word_1_205' title='bbox 615 3187 818 3270; x_wconf 73' lang='lat' dir='ltr'><strong>Leiiiones,</strong></span> <span class='ocrx_word' id='word_1_206' title='bbox 844 3209 910 3261; x_wconf 87' lang='lat' dir='ltr'><strong>nec</strong></span> <span class='ocrx_word' id='word_1_207' title='bbox 925 3184 996 3262; x_wconf 89' lang='lat' dir='ltr'><strong>scio</strong></span> <span class='ocrx_word' id='word_1_208' title='bbox 1021 3211 1065 3262; x_wconf 90' lang='lat' dir='ltr'><strong>an</strong></span> <span class='ocrx_word' id='word_1_209' title='bbox 1081 3189 1232 3286; x_wconf 82' lang='lat' dir='ltr'><strong>aliquem</strong></span> <span class='ocrx_word' id='word_1_210' title='bbox 1255 3189 1416 3264; x_wconf 84' lang='lat' dir='ltr'><strong>eximium</strong></span> <span class='ocrx_word' id='word_1_211' title='bbox 1435 3185 1631 3262; x_wconf 73' lang='lat' dir='ltr'><strong>Douorern</strong></span> 
     </span>
     <span class='ocr_line' id='line_1_27' title="bbox 433 3279 1631 3383; baseline -0.002 -25"><span class='ocrx_word' id='word_1_212' title='bbox 433 3285 572 3379; x_wconf 82' lang='lat' dir='ltr'><strong>Philippo</strong></span> <span class='ocrx_word' id='word_1_213' title='bbox 604 3285 707 3359; x_wconf 82' lang='lat' dir='ltr'><strong>Decio</strong></span> <span class='ocrx_word' id='word_1_214' title='bbox 733 3279 896 3357; x_wconf 82' lang='lat' dir='ltr'><strong>Senensea</strong></span> <span class='ocrx_word' id='word_1_215' title='bbox 923 3279 1188 3383; x_wconf 86' lang='lat' dir='ltr'><strong>surrogauerint.</strong></span> <span class='ocrx_word' id='word_1_216' title='bbox 1237 3283 1325 3358; x_wconf 90' lang='lat' dir='ltr'><strong>Non</strong></span> <span class='ocrx_word' id='word_1_217' title='bbox 1343 3285 1467 3360; x_wconf 90' lang='lat' dir='ltr'><strong>dubito</strong></span> <span class='ocrx_word' id='word_1_218' title='bbox 1494 3302 1631 3375; x_wconf 86' lang='lat' dir='ltr'><strong>tamen,</strong></span> 
     </span>
     <span class='ocr_line' id='line_1_28' title="bbox 432 3376 1632 3478; baseline 0.001 -23"><span class='ocrx_word' id='word_1_219' title='bbox 432 3403 540 3455; x_wconf 86' lang='lat' dir='ltr'><strong>unum</strong></span> <span class='ocrx_word' id='word_1_220' title='bbox 563 3381 714 3477; x_wconf 86' lang='lat' dir='ltr'><strong>aliquem</strong></span> <span class='ocrx_word' id='word_1_221' title='bbox 739 3381 813 3456; x_wconf 88' lang='lat' dir='ltr'><strong>illic</strong></span> <span class='ocrx_word' id='word_1_222' title='bbox 837 3376 1013 3466; x_wconf 78' lang='lat' dir='ltr'><strong>futurum,</strong></span> <span class='ocrx_word' id='word_1_223' title='bbox 1038 3383 1098 3478; x_wconf 88' lang='lat' dir='ltr'><strong>qui</strong></span> <span class='ocrx_word' id='word_1_224' title='bbox 1116 3381 1228 3457; x_wconf 86' lang='lat' dir='ltr'><strong>audiri</strong></span> <span class='ocrx_word' id='word_1_225' title='bbox 1244 3382 1370 3477; x_wconf 80' lang='lat' dir='ltr'><strong>dignor</strong></span> <span class='ocrx_word' id='word_1_226' title='bbox 1386 3379 1448 3470; x_wconf 89' lang='lat' dir='ltr'><strong>fit,</strong></span> <span class='ocrx_word' id='word_1_227' title='bbox 1474 3378 1632 3476; x_wconf 78' lang='lat' dir='ltr'><strong>&amp;cujm</strong></span> 
     </span>
     <span class='ocr_line' id='line_1_29' title="bbox 431 3473 1630 3574; baseline -0.001 -22"><span class='ocrx_word' id='word_1_228' title='bbox 431 3499 469 3552; x_wconf 88' lang='lat' dir='ltr'><strong>te</strong></span> <span class='ocrx_word' id='word_1_229' title='bbox 492 3475 717 3551; x_wconf 83' lang='lat' dir='ltr'><strong>familiaritati</strong></span> <span class='ocrx_word' id='word_1_230' title='bbox 751 3473 909 3552; x_wconf 83' lang='lat' dir='ltr'><strong>inlinuet.</strong></span> <span class='ocrx_word' id='word_1_231' title='bbox 960 3477 1142 3573; x_wconf 88' lang='lat' dir='ltr'><strong>Quicquid</strong></span> <span class='ocrx_word' id='word_1_232' title='bbox 1171 3502 1258 3554; x_wconf 90' lang='lat' dir='ltr'><strong>vero</strong></span> <span class='ocrx_word' id='word_1_233' title='bbox 1282 3478 1326 3552; x_wconf 90' lang='lat' dir='ltr'><strong>ab</strong></span> <span class='ocrx_word' id='word_1_234' title='bbox 1352 3481 1427 3574; x_wconf 85' lang='lat' dir='ltr'><strong>ejus</strong></span> <span class='ocrx_word' id='word_1_235' title='bbox 1462 3475 1630 3552; x_wconf 75' lang='lat' dir='ltr'><strong>Lefflone</strong></span> 
     </span>
     <span class='ocr_line' id='line_1_30' title="bbox 432 3571 1630 3669; baseline -0.003 -19"><span class='ocrx_word' id='word_1_236' title='bbox 432 3573 537 3651; x_wconf 85' lang='lat' dir='ltr'><strong>vacui</strong></span> <span class='ocrx_word' id='word_1_237' title='bbox 562 3575 730 3668; x_wconf 87' lang='lat' dir='ltr'><strong>temporis</strong></span> <span class='ocrx_word' id='word_1_238' title='bbox 757 3571 921 3656; x_wconf 86' lang='lat' dir='ltr'><strong>habebis,</strong></span> <span class='ocrx_word' id='word_1_239' title='bbox 944 3573 982 3646; x_wconf 95' lang='lat' dir='ltr'><strong>id</strong></span> <span class='ocrx_word' id='word_1_240' title='bbox 1004 3575 1112 3648; x_wconf 82' lang='lat' dir='ltr'><strong>Azoni</strong></span> <span class='ocrx_word' id='word_1_241' title='bbox 1141 3574 1282 3652; x_wconf 80' lang='lat' dir='ltr'><strong>taetoris</strong></span> <span class='ocrx_word' id='word_1_242' title='bbox 1302 3599 1345 3647; x_wconf 90' lang='lat' dir='ltr'><strong>ue</strong></span> <span class='ocrx_word' id='word_1_243' title='bbox 1366 3596 1446 3669; x_wconf 82' lang='lat' dir='ltr'><strong>quae</strong></span> <span class='ocrx_word' id='word_1_244' title='bbox 1469 3595 1551 3646; x_wconf 82' lang='lat' dir='ltr'><strong>mox</strong></span> <span class='ocrx_word' id='word_1_245' title='bbox 1577 3575 1630 3647; x_wconf 89' lang='lat' dir='ltr'><strong>di·</strong></span> 
     </span>
     <span class='ocr_line' id='line_1_31' title="bbox 430 3599 1625 3764; baseline -0.007 -16"><span class='ocrx_word' id='word_1_246' title='bbox 430 3693 507 3748; x_wconf 86' lang='lat' dir='ltr'><strong>cam</strong></span> <span class='ocrx_word' id='word_1_247' title='bbox 524 3669 730 3764; x_wconf 79' lang='lat' dir='ltr'><strong>impendito.</strong></span> <span class='ocrx_word' id='word_1_248' title='bbox 777 3666 872 3741; x_wconf 89' lang='lat' dir='ltr'><strong>Nam</strong></span> <span class='ocrx_word' id='word_1_249' title='bbox 893 3669 973 3744; x_wconf 78' lang='lat' dir='ltr'><strong>cium</strong></span> <span class='ocrx_word' id='word_1_250' title='bbox 987 3669 1060 3763; x_wconf 82' lang='lat' dir='ltr'><strong>jam</strong></span> <span class='ocrx_word' id='word_1_251' title='bbox 1074 3669 1118 3743; x_wconf 88' lang='lat' dir='ltr'><strong>ad</strong></span> <span class='ocrx_word' id='word_1_252' title='bbox 1129 3692 1256 3745; x_wconf 86' lang='lat' dir='ltr'><strong>metam</strong></span> <span class='ocrx_word' id='word_1_253' title='bbox 1273 3599 1467 3744; x_wconf 51' lang='lat' dir='ltr'><strong>{odiorum</strong></span> <span class='ocrx_word' id='word_1_254' title='bbox 1485 3669 1625 3755; x_wconf 86' lang='lat' dir='ltr'><strong>tendas,</strong></span> 
     </span>
     <span class='ocr_line' id='line_1_32' title="bbox 431 3760 1632 3866; baseline -0.001 -26"><span class='ocrx_word' id='word_1_255' title='bbox 431 3787 510 3866; x_wconf 86' lang='lat' dir='ltr'><strong>quae</strong></span> <span class='ocrx_word' id='word_1_256' title='bbox 534 3763 715 3862; x_wconf 68' lang='lat' dir='ltr'><strong>precipue</strong></span> <span class='ocrx_word' id='word_1_257' title='bbox 741 3760 1025 3860; x_wconf 82' lang='lat' dir='ltr'><strong>Jurispmdentiae</strong></span> <span class='ocrx_word' id='word_1_258' title='bbox 1052 3764 1271 3862; x_wconf 86' lang='lat' dir='ltr'><strong>impendisti,</strong></span> <span class='ocrx_word' id='word_1_259' title='bbox 1296 3789 1404 3861; x_wconf 85' lang='lat' dir='ltr'><strong>eaque</strong></span> <span class='ocrx_word' id='word_1_260' title='bbox 1430 3763 1490 3839; x_wconf 75' lang='lat' dir='ltr'><strong>illa</strong></span> <span class='ocrx_word' id='word_1_261' title='bbox 1504 3765 1632 3862; x_wconf 87' lang='lat' dir='ltr'><strong>praeci··</strong></span> 
     </span>
     <span class='ocr_line' id='line_1_33' title="bbox 428 3858 1626 3962; baseline -0.001 -24"><span class='ocrx_word' id='word_1_262' title='bbox 428 3862 503 3962; x_wconf 68' lang='lat' dir='ltr'><strong>pue</strong></span> <span class='ocrx_word' id='word_1_263' title='bbox 523 3866 568 3937; x_wconf 91' lang='lat' dir='ltr'><strong>de</strong></span> <span class='ocrx_word' id='word_1_264' title='bbox 586 3859 686 3936; x_wconf 79' lang='lat' dir='ltr'><strong>causa</strong></span> <span class='ocrx_word' id='word_1_265' title='bbox 703 3863 897 3944; x_wconf 83' lang='lat' dir='ltr'><strong>excolatur,</strong></span> <span class='ocrx_word' id='word_1_266' title='bbox 928 3879 971 3934; x_wconf 84' lang='lat' dir='ltr'><strong>ot</strong></span> <span class='ocrx_word' id='word_1_267' title='bbox 995 3858 1179 3958; x_wconf 85' lang='lat' dir='ltr'><strong>aliquando</strong></span> <span class='ocrx_word' id='word_1_268' title='bbox 1203 3887 1283 3939; x_wconf 88' lang='lat' dir='ltr'><strong>cum</strong></span> <span class='ocrx_word' id='word_1_269' title='bbox 1309 3861 1410 3938; x_wconf 87' lang='lat' dir='ltr'><strong>laude</strong></span> <span class='ocrx_word' id='word_1_270' title='bbox 1434 3860 1472 3935; x_wconf 90' lang='lat'>&amp;</span> <span class='ocrx_word' id='word_1_271' title='bbox 1496 3864 1626 3936; x_wconf 89' lang='lat' dir='ltr'><strong>emolu-</strong></span> 
     </span>
     <span class='ocr_line' id='line_1_34' title="bbox 429 3951 1710 4056; baseline 0.002 -23"><span class='ocrx_word' id='word_1_272' title='bbox 429 3981 548 4034; x_wconf 84' lang='lat' dir='ltr'><strong>mento</strong></span> <span class='ocrx_word' id='word_1_273' title='bbox 561 3961 598 4031; x_wconf 88' lang='lat' dir='ltr'><strong>in</strong></span> <span class='ocrx_word' id='word_1_274' title='bbox 623 3956 737 4030; x_wconf 86' lang='lat' dir='ltr'><strong>forum</strong></span> <span class='ocrx_word' id='word_1_275' title='bbox 760 3959 973 4044; x_wconf 86' lang='lat' dir='ltr'><strong>deducatur,</strong></span> <span class='ocrx_word' id='word_1_276' title='bbox 1005 3951 1074 4034; x_wconf 86' lang='lat' dir='ltr'><strong>live</strong></span> <span class='ocrx_word' id='word_1_277' title='bbox 1101 3960 1325 4056; x_wconf 86' lang='lat' dir='ltr'><strong>postolando,</strong></span> <span class='ocrx_word' id='word_1_278' title='bbox 1351 3957 1421 4034; x_wconf 84' lang='lat' dir='ltr'><strong>live</strong></span> <span class='ocrx_word' id='word_1_279' title='bbox 1448 3955 1626 4034; x_wconf 85' lang='lat' dir='ltr'><strong>consulen·</strong></span> <span class='ocrx_word' id='word_1_280' title='bbox 1709 4035 1710 4038; x_wconf 72' lang='grc'>,</span> 
     </span>
     <span class='ocr_line' id='line_1_35' title="bbox 429 4051 1628 4154; baseline -0.003 -22"><span class='ocrx_word' id='word_1_281' title='bbox 429 4061 496 4144; x_wconf 86' lang='lat' dir='ltr'><strong>do,</strong></span> <span class='ocrx_word' id='word_1_282' title='bbox 523 4053 592 4129; x_wconf 88' lang='lat' dir='ltr'><strong>live</strong></span> <span class='ocrx_word' id='word_1_283' title='bbox 604 4054 823 4150; x_wconf 86' lang='lat' dir='ltr'><strong>judicando,</strong></span> <span class='ocrx_word' id='word_1_284' title='bbox 861 4077 900 4128; x_wconf 89' lang='lat' dir='ltr'><strong>ea</strong></span> <span class='ocrx_word' id='word_1_285' title='bbox 927 4051 1096 4150; x_wconf 71' lang='lat' dir='ltr'><strong>potilirme</strong></span> <span class='ocrx_word' id='word_1_286' title='bbox 1122 4055 1186 4131; x_wconf 89' lang='lat' dir='ltr'><strong>ribi</strong></span> <span class='ocrx_word' id='word_1_287' title='bbox 1216 4055 1456 4154; x_wconf 85' lang='lat' dir='ltr'><strong>praecipienda</strong></span> <span class='ocrx_word' id='word_1_288' title='bbox 1477 4059 1628 4151; x_wconf 80' lang='lat' dir='ltr'><strong>putavi,</strong></span> 
     </span>
     <span class='ocr_line' id='line_1_36' title="bbox 424 4147 1626 4254; baseline -0.002 -24"><span class='ocrx_word' id='word_1_289' title='bbox 424 4147 704 4254; x_wconf 83' lang='lat' dir='ltr'><strong>quaeforenfium</strong></span> <span class='ocrx_word' id='word_1_290' title='bbox 719 4150 894 4226; x_wconf 86' lang='lat' dir='ltr'><strong>caularum</strong></span> <span class='ocrx_word' id='word_1_291' title='bbox 911 4150 1039 4226; x_wconf 65' lang='lat' dir='ltr'><strong>aitiori</strong></span> <span class='ocrx_word' id='word_1_292' title='bbox 1053 4153 1278 4226; x_wconf 88' lang='lat' dir='ltr'><strong>conveniunt.</strong></span> <span class='ocrx_word' id='word_1_293' title='bbox 1328 4153 1384 4224; x_wconf 86' lang='lat' dir='ltr'><strong>Ad</strong></span> <span class='ocrx_word' id='word_1_294' title='bbox 1429 4175 1507 4226; x_wconf 87' lang='lat' dir='ltr'><strong>uam</strong></span> <span class='ocrx_word' id='word_1_295' title='bbox 1518 4155 1626 4228; x_wconf 81' lang='lat' dir='ltr'><strong>marri·</strong></span> 
     </span>
     <span class='ocr_line' id='line_1_37' title="bbox 426 4177 1625 4344; baseline -0.002 -18"><span class='ocrx_word' id='word_1_296' title='bbox 426 4274 483 4326; x_wconf 88' lang='lat' dir='ltr'><strong>me</strong></span> <span class='ocrx_word' id='word_1_297' title='bbox 498 4249 584 4322; x_wconf 90' lang='lat' dir='ltr'><strong>mihi</strong></span> <span class='ocrx_word' id='word_1_298' title='bbox 602 4247 748 4322; x_wconf 86' lang='lat' dir='ltr'><strong>idoneus</strong></span> <span class='ocrx_word' id='word_1_299' title='bbox 772 4243 862 4322; x_wconf 89' lang='lat' dir='ltr'><strong>visus</strong></span> <span class='ocrx_word' id='word_1_300' title='bbox 878 4245 928 4322; x_wconf 89' lang='lat' dir='ltr'><strong>est</strong></span> <span class='ocrx_word' id='word_1_301' title='bbox 948 4249 1038 4336; x_wconf 77' lang='lat' dir='ltr'><strong>Aoo,</strong></span> <span class='ocrx_word' id='word_1_302' title='bbox 1063 4249 1122 4322; x_wconf 88' lang='lat' dir='ltr'><strong>vel</strong></span> <span class='ocrx_word' id='word_1_303' title='bbox 1141 4239 1226 4322; x_wconf 87' lang='lat' dir='ltr'><strong>teste</strong></span> <span class='ocrx_word' id='word_1_304' title='bbox 1242 4249 1352 4323; x_wconf 87' lang='lat' dir='ltr'><strong>veteri</strong></span> <span class='ocrx_word' id='word_1_305' title='bbox 1375 4177 1427 4344; x_wconf 51' lang='lat' dir='ltr'><strong>(pr</strong></span> <span class='ocrx_word' id='word_1_306' title='bbox 1439 4247 1536 4322; x_wconf 62' lang='lat' dir='ltr'><strong>reli&amp;</strong></span> <span class='ocrx_word' id='word_1_307' title='bbox 1553 4271 1625 4324; x_wconf 91' lang='lat' dir='ltr'><strong>me·</strong></span> 
     </span>
    </p>
   </div>
   <div class='ocr_carea' id='block_1_5' title="bbox 429 4345 730 4441">
    <p class='ocr_par' dir='ltr' id='par_1_6' title="bbox 429 4345 730 4441">
     <span class='ocr_line' id='line_1_38' title="bbox 429 4345 730 4441; baseline -0.01 -19"><span class='ocrx_word' id='word_1_308' title='bbox 429 4345 539 4441; x_wconf 85' lang='lat' dir='ltr'><strong>mini)</strong></span> <span class='ocrx_word' id='word_1_309' title='bbox 564 4345 730 4419; x_wconf 87' lang='lat' dir='ltr'><strong>Italorum</strong></span> 
     </span>
    </p>
   </div>
   <div class='ocr_carea' id='block_1_6' title="bbox 774 4341 1624 4456">
    <p class='ocr_par' dir='ltr' id='par_1_7' title="bbox 774 4341 1624 4456">
     <span class='ocr_line' id='line_1_39' title="bbox 774 4341 1624 4456; baseline -0.004 -37"><span class='ocrx_word' id='word_1_310' title='bbox 774 4345 939 4419; x_wconf 88' lang='lat' dir='ltr'><strong>roverbio</strong></span> <span class='ocrx_word' id='word_1_311' title='bbox 951 4397 973 4456; x_wconf 28' lang='grc' dir='ltr'><strong>,ο</strong></span> <span class='ocrx_word' id='word_1_312' title='bbox 988 4347 1059 4446; x_wconf 79' lang='lat' dir='ltr'><strong>Qui</strong></span> <span class='ocrx_word' id='word_1_313' title='bbox 1077 4367 1137 4418; x_wconf 83' lang='lat' dir='ltr'><strong>nou</strong></span> <span class='ocrx_word' id='word_1_314' title='bbox 1158 4345 1200 4416; x_wconf 75' lang='lat' dir='ltr'><strong>ho</strong></span> <span class='ocrx_word' id='word_1_315' title='bbox 1222 4341 1385 4444; x_wconf 73' lang='lat' dir='ltr'><strong>loftmma</strong></span> <span class='ocrx_word' id='word_1_316' title='bbox 1403 4347 1440 4416; x_wconf 83' lang='lat' dir='ltr'><strong>dr</strong></span> <span class='ocrx_word' id='word_1_317' title='bbox 1451 4347 1546 4432; x_wconf 74' lang='lat' dir='ltr'><strong>Ano,</strong></span> <span class='ocrx_word' id='word_1_318' title='bbox 1563 4368 1624 4418; x_wconf 78' lang='lat' dir='ltr'><strong>nor</strong></span> 
     </span>
    </p>
   </div>
   <div class='ocr_carea' id='block_1_7' title="bbox 423 4369 1622 4638">
    <p class='ocr_par' dir='ltr' id='par_1_8' title="bbox 423 4369 1622 4638">
     <span class='ocr_line' id='line_1_40' title="bbox 423 4369 1622 4638; baseline -0.003 -122"><span class='ocrx_word' id='word_1_319' title='bbox 423 4465 471 4516; x_wconf 78' lang='lat' dir='ltr'><strong>oo</strong></span> <span class='ocrx_word' id='word_1_320' title='bbox 496 4446 529 4516; x_wconf 84' lang='lat' dir='ltr'><strong>in</strong></span> <span class='ocrx_word' id='word_1_321' title='bbox 552 4441 686 4519; x_wconf 72' lang='lat' dir='ltr'><strong>Peloro.</strong></span> <span class='ocrx_word' id='word_1_322' title='bbox 734 4369 792 4516; x_wconf 43' lang='lat' dir='ltr'><strong>lix</strong></span> <span class='ocrx_word' id='word_1_323' title='bbox 808 4439 999 4523; x_wconf 77' lang='lat' dir='ltr'><strong>Germana</strong></span> <span class='ocrx_word' id='word_1_324' title='bbox 1016 4459 1251 4638; x_wconf 57' lang='lat' dir='ltr'><strong>cv3qqoztecunr</strong></span> <span class='ocrx_word' id='word_1_325' title='bbox 1277 4441 1368 4517; x_wconf 81' lang='lat' dir='ltr'><strong>feres</strong></span> <span class='ocrx_word' id='word_1_326' title='bbox 1386 4440 1622 4610; x_wconf 53' lang='lat' dir='ltr'>Impffiffi</span> 
     </span>
    </p>
   </div>
   <div class='ocr_carea' id='block_1_8' title="bbox 0 0 2376 5814">
    <p class='ocr_par' dir='ltr' id='par_1_9' title="bbox 0 0 2376 5814">
     <span class='ocr_line' id='line_1_41' title="bbox 0 0 2376 5814; baseline 0 4"><span class='ocrx_word' id='word_1_327' title='bbox 0 0 2376 5814; x_wconf 95' lang='lat' dir='ltr'><strong> </strong></span> 
     </span>
    </p>
   </div>
  </div>
 </body>
</html>
