4882 5804
589 719 594 728 ,
715 585 1848 731 176V1GL11nnAYTTAZUICHEM1·

716 819 787 896 gno
801 798 1034 896 imposituros.
1082 799 1163 898 Ego
1186 802 1330 874 omnino
1352 797 1494 877 decrevi
1511 802 1614 880 finem
1631 805 1775 905 huiusce
1790 834 1912 912 traga-

717 897 783 968 die
808 901 948 982 uidere,
983 919 1097 995 neque
1121 900 1357 974 conditionem
1381 903 1470 974 hanc
1494 902 1639 996 primam
1665 907 1795 982 temere
1818 913 1913 987 dese·

717 1015 804 1065 rere.
853 993 1112 1089 [landegravius
1141 993 1269 1067 Haffiae
1295 994 1339 1066 ad
1379 994 1664 1090 Marpurgensem
1690 1002 1912 1080 Academiam

717 1111 771 1160 me
792 1091 974 1176 invitavit,
998 1088 1150 1164 fatentur
1171 1089 1208 1163 δι
1232 1086 1460 1185 profusorem
1485 1093 1521 1166 δι
1547 1095 1677 1178 ludicii
1693 1097 1744 1170 sui
1768 1099 1913 1175 Affeffo·

718 1205 812 1269 rem,
837 1207 947 1280 eaque
972 1188 1016 1259 de
1038 1209 1076 1260 re
1102 1186 1147 1258 ad
1171 1207 1286 1259 meum
1308 1185 1507 1281 Principem
1527 1185 1690 1284 scripsit,
1726 1195 1848 1270 verium
1873 1200 1911 1272 id

719 1277 764 1350 ab
785 1303 827 1350 eo
847 1281 1032 1374 impetrare
1047 1301 1117 1353 non
1140 1283 1284 1375 potuit,
1305 1303 1346 1359 ut
1370 1305 1426 1356 me
1444 1283 1652 1384 dimitteret,
1677 1291 1715 1364 &
1739 1315 1806 1386 ego
1830 1317 1911 1388 pro·

717 1391 799 1468 pter
810 1377 935 1450 multas
951 1375 1066 1450 causas
1092 1375 1166 1471 (a)
1192 1400 1276 1472 quae
1292 1379 1480 1476 intelligis,
1506 1389 1575 1452 non
1590 1380 1670 1456 satis
1685 1387 1811 1460 ineam
1828 1411 1913 1463 con-

720 1467 887 1543 ditionem
915 1473 1101 1546 inclinatus
1124 1468 1186 1547 fui.
1241 1471 1338 1567 Aget
1360 1495 1476 1548 tamen
1499 1476 1635 1570 Agrinir
1659 1479 1733 1574 (3)
1759 1507 1913 1559 commu·

719 1563 821 1636 nibus
845 1565 963 1640 amicis
989 1571 1135 1662 gratiae,
1161 1569 1222 1663 qui
1248 1570 1280 1642 ei
1305 1571 1357 1642 tei
1381 1567 1596 1645 occalionem
1619 1575 1802 1668 praebuiffe
1826 1585 1913 1656 mihi

719 1660 906 1744 videntur,
931 1687 1010 1736 narn
1035 1662 1193 1758 Jranntm
1217 1665 1467 1758 Magoraccuum
1483 1668 1664 1742 Medicum
1682 1672 1913 1772 Maipurgen·

718 1751 788 1830 sem
804 1757 1014 1852 impulerunt
1029 1780 1069 1833 ut
1088 1763 1183 1854 apud
1201 1757 1318 1832 Princi
1346 1759 1512 1836 cursuum
1528 1764 1821 1865 Academiamque
1837 1796 1913 1846 eam

719 1873 791 1924 rem
819 1871 969 1947 agerent.
1019 1854 1241 1946 Pratingerum
1265 1783 1345 1950 (45
1363 1875 1516 1932 veterem
1540 1861 1727 1952 maritum,
1762 1867 1914 1941 arbitror

716 1969 849 2019 novum
869 1947 941 2043 jam
964 1969 1098 2044 patrem
1117 1946 1246 2025 fabium
1269 1947 1348 2025 elle.
1399 1950 1577 2049 Utrinque
1605 1951 1631 2028 fi
1657 1958 1706 2034 ita
1734 1962 1806 2048 est,
1831 1986 1911 2036 meo

716 2044 858 2120 nomine
884 2045 916 2116 ei
937 2045 1189 2140 gratulaberis,
1209 2043 1239 2122 fi
1262 2049 1368 2121 modo
1383 2067 1419 2123 te
1439 2046 1503 2122 fibi
1528 2050 1616 2123 adeo
1633 2051 1832 2132 familiarem
1847 2058 1914 2134 elie

715 2140 870 2233 patitur,
895 2141 997 2233 quim
1021 2141 1105 2214 olim
1123 2139 1230 2215 fuisti.
1278 2139 1412 2242 Multas
1437 2147 1527 2218 enim
1548 2149 1714 2223 amicitias
1739 2157 1914 2229 matrimo-

717 2236 834 2324 nium,
859 2252 963 2328 atque
986 2238 1097 2310 omnis
1116 2239 1152 2310 in
1178 2258 1280 2310 unam
1299 2239 1484 2315 transsatus
1508 2247 1634 2318 amoris
1660 2243 1824 2335 affeelus,
1850 2251 1914 2324 dis·

716 2327 834 2403 solvit.
883 2327 1114 2430 Zelotypiam
1133 2355 1202 2406 non
1222 2334 1372 2408 arbitror
1398 2337 1435 2408 in
1463 2360 1541 2410 eum
1568 2340 1711 2428 eadere,
1737 2344 1815 2417 crim
1841 2349 1911 2422 hoc

717 2425 839 2496 vitium
857 2424 1020 2500 Italorum
1044 2426 1104 2514 stt,
1131 2451 1278 2524 quotum
1298 2431 1360 2504 -ille
1386 2453 1528 2526 gentem
1547 2435 1738 2511 universam
1760 2445 1912 2516 execrari

714 2516 813 2602 solet.
863 2519 963 2597 Vale.
996 2523 1198 2598 Dulmaniae
1221 2547 1256 2614 4.
1279 2524 1437 2616 Januarii
1462 2549 1565 2621 1535.

972 2677 1262 2772 EPIST
1291 2679 1335 2774 O
1364 2681 1403 2770 L
1430 2682 1475 2771 A
1530 2681 1643 2776 LX

732 2831 1208 2930 FRANCISCO
1266 2838 1897 2948 CRANEVELDIO.

711 2973 784 3068 'Ol
813 2978 965 3063 tardius
992 2980 1164 3069 redditas
1191 2981 1396 3098 Franrlscu
1425 2990 1562 3080 literas
1588 2993 1689 3106 suar
1723 3025 1908 3116 nugatur.

775 3088 849 3184 De
876 3087 1516 3313 Ινῇῐίίαιίοηίὧω[(Ξζιεεὶςάῇἴῑὶηε
1543 3113 1744 3199 verrendis
1771 3144 1855 3202 ron·

1213 3241 1327 3300 rrum
1381 3245 1436 3302 a.

715 3351 864 3523 BEile
888 3375 926 3462 tu
947 3357 1120 3447 quidem,
1146 3359 1338 3478 doeliffime·
1364 3367 1567 3484 Craneoelrll,
1591 3377 1745 3494 hibernis
1771 3386 1910 3501 frigori-

686 3527 689 3539 ,
809 3451 874 3524 bus
892 3473 1059 3550 imputas,
1084 3457 1181 3550 quod
1205 3481 1290 3537 rneae
1316 3467 1423 3540 literar
1446 3471 1575 3546 tardius
1597 3475 1743 3556 redditae
1767 3482 1908 3558 fuerint.

1839 3579 1911 3656 Sed

760 3667 825 3752 (a)
848 3665 972 3752 Propter
991 3671 1101 3736 multos
1123 3671 1247 3760 causes]
1270 3677 1363 3744 inter
1383 3693 1465 3764 quat
1486 3684 1756 3763 fuittlifferentia
1773 3702 1910 3786 religio·

719 3749 790 3826 nis,
812 3770 889 3834 quae
910 3755 1091 3834 impedivit
1107 3774 1250 3853 'quoque
1274 3780 1317 3827 ne
1338 3764 1486 3832 Eleliori
1502 3771 1807 3867 Brandenburgito
1824 3805 1908 3870 ope·
1980 3827 1983 3838 .

714 3852 792 3898 ram
816 3835 906 3900 suam
925 3838 1066 3906 locaret.
1087 3837 1131 3904 V.
1153 3842 1240 3909 eald.
1261 3845 1370 3914 Notas
1385 3849 1430 3914 N.
1452 3853 1645 3925 XXXVlll.

763 3915 828 3998 (3)
850 3918 998 4063 Agnetis]
1023 3939 1168 4004 quorum
1189 3943 1276 3992 unus
1297 3927 1516 4015 Hieronymus,
1538 3939 1593 4004 uir
1613 3945 1716 4014 valde
1736 3952 1907 4031 eruditus,

720 3995 863 4080 &apud
906 4001 1015 4081 piram
1034 4005 1209 4074 causarum
1224 4027 1411 4094 patronus3
1434 4034 1453 4082 a
1477 4017 1576 4104 Viglio
1598 4045 1664 4110 pro
1688 4049 1830 4102 munere
1850 4037 1909 4102 ad·

712 4083 838 4146 uocati
858 4081 927 4146 fisci
943 4087 1202 4154 commendatus
1222 4089 1288 4158 fuit
1305 4095 1424 4178 Joonnr'
1444 4100 1652 4194 Ferenbergero
1673 4113 1773 4196 Regis
1784 4117 1908 4184 Roma·

720 4181 856 4312 norun&
866 4165 1069 4238 Ferdinandi
1087 4171 1280 4245 secretario.
1325 4177 1369 4247 V.
1389 4195 1459 4251 rom
1482 4204 1513 4269 3.
1537 4207 1608 4258 tor.
1642 4193 1756 4262 Alteri
1776 4216 1905 4266 nomen

713 4259 792 4313 Erat
853 4267 947 4314 arms.

759 4328 820 4414 (4)
843 4331 1074 4419 Pruringrrum]
1099 4335 1246 4406 Claudius
1258 4341 1451 4429 Peurr'rtgerus
1465 4347 1627 4438 Augustae
1649 4377 1792 4429 uxorem
1810 4363 1909 4434 duxit

710 4429 878 4566 perquam
890 4419 1101 4498 opulentam.
1129 4421 1243 4536 Huius
1255 4442 1355 4510 pater
1369 4432 1525 4532 conradet
1539 4455 1619 4536 cum
1631 4441 1865 4522 Maximiliano
1878 4451 1907 4518 L

733 4513 800 4582 mp.
814 4514 909 4583 cujus
922 4513 995 4567 etat
1009 4497 1246 4590 Conlilrauus,
1267 4509 1355 4598 saepe
1370 4531 1406 4583 m
1419 4515 1539 4608 Belgio
1552 4519 1631 4594 furt.
1654 4525 1819 4619 Tom.2.p.
1834 4537 1906 4618 365.
