4742 5814
552 565 1521 674 heler.8hLEchnuo1valtsos
1584 602 1667 698 322
1801 613 1819 642 ·

468 831 475 842 ‚
545 745 568 824 d
593 743 673 824 Nos
697 737 982 822 Mooastetieusts
1006 737 1174 820 Ecclefiae
1192 741 1665 838 administrationem,1)ei,

372 855 377 866 ’
470 923 473 930 ,
498 843 747 944 postolicaequu
766 837 867 918 Sedit
884 839 998 948 gratia
1013 833 1234 950 suscepimus.
1280 837 1358 934 Jnn
1382 859 1586 922 tutuautetu
1601 862 1667 942 pu·

462 941 594 1020 blinnu
616 939 769 1023 statum,
792 959 864 1016 nou
888 933 1038 1012 minimis
1064 935 1136 1014 itur
1154 931 1317 1025 dissidiis,
1341 933 1538 1054 Religionis
1563 935 1666 1030 cauli

460 1038 598 1142 pridem
622 1033 786 1122 obortis,
811 1029 1051 1136 perturbatum
1077 1031 1335 1131 comperimus:
1368 1031 1526 1136 nihilque
1548 1033 1663 1114 llatitu

459 1135 580 1232 putiau
599 1133 804 1212 habuimus:
829 1127 992 1230 quatuor
1011 1125 1196 1230 gliscentes
1213 1129 1287 1208 illic
1306 1125 1491 1210 hddones
1515 1153 1662 1230 compu-

457 1249 642 1322 uetetuus:
665 1226 895 1323 intestinaque
914 1225 1021 1316 odia,
1041 1245 1123 1328 quat
1146 1225 1239 1304 lutra
1261 1223 1538 1318 Muualierlum,
1562 1229 1661 1308 Citl-

341 1393 347 1412 .
458 1348 567 1408 tatem
592 1325 874 1412 celeberrimam,
896 1341 1002 1420 atque
1026 1325 1106 1402 ante
1135 1317 1238 1404 facile
1262 1319 1530 1402 florentisunam
1551 1326 1659 1406 nunt

460 1414 705 1529 leopham,
736 1422 886 1506 eacnata
910 1419 1247 1508 animadvertimus,
1278 1415 1555 1516 consopirentur:
1583 1445 1659 1500 mu·

456 1541 626 1616 tuamque
655 1520 879 1600 concordiam
907 1518 999 1592 inter
1027 1517 1188 1604 clerum,
1220 1513 1465 1604 nobilitatem,
1498 1519 1536 1596 dr
1560 1519 1658 1598 cives

457 1615 724 1704 restitueremus.
771 1613 886 1706 Quod
901 1614 1063 1709 equidem
1082 1609 1199 1688 Nobis
1215 1615 1440 1712 quantumvis
1456 1610 1577 1694 seduld
1596 1639 1656 1692 co·

458 1714 644 1802 nantibus,
671 1737 712 1788 ea
728 1731 845 1790 tamen
863 1710 1013 1788 maxime
1035 1707 1079 1786 de
1102 1708 1223 1798 causa,
1245 1707 1414 1808 perficere
1436 1734 1508 1786 nun
1533 1713 1655 1802 licuit,

454 1810 558 1908 qudd
582 1809 710 1907 populi
733 1809 903 1921 vulgique
930 1807 974 1886 ad
999 1807 1189 1882 tumultum
1216 1807 1316 1884 nimis
1341 1805 1502 1906 propenss
1528 1809 1653 1893 animi,

454 1906 620 1982 omnibus
636 1907 738 1982 retiis
753 1902 946 2006 quietisque
975 1901 1125 1980 confiliir
1142 1901 1413 1992 reluctarentur,
1438 1921 1544 2000 atque
1563 1907 1655 1984 aded

449 2001 524 2102 jan
543 2003 682 2102 plebeia
701 2005 755 2078 vis
782 1999 1012 2100 potentiaque
1037 1995 1266 2090 increvisset,
1301 2020 1341 2076 ut
1366 2023 1481 2099 neque
1507 1999 1656 2082 consilio

454 2100 552 2196 regi,
578 2123 691 2196 neque
706 2097 859 2192 imperio
875 2094 993 2172 nostro
1010 2094 1185 2192 compesci
1195 2095 1364 2194 deinceps
1382 2095 1505 2194 posset.
1532 2093 1652 2178 Deum

454 2197 587 2292 quippe
607 2193 696 2292 Ope
716 2194 818 2289 Max,
835 2191 1016 2278 testamur,
1042 2193 1130 2270 nihil
1149 2215 1213 2266 nos
1229 2194 1437 2270 intentatum
1456 2195 1520 2272 reli
1547 2191 1652 2282 uisse,

452 2289 643 2388 omnesque
670 2291 746 2366 vias
770 2290 807 2366 δι
833 2289 986 2364 rationes
1016 2311 1183 2386 expertos
1205 2285 1326 2374 fuisse,
1351 2313 1423 2390 quo
1441 2218 1651 2388 praesentent

452 2389 544 2464 itanc
562 2385 755 2462 ditiffimam
773 2407 961 2462 aerumnam
978 2407 1225 2462 averteremus.
1275 2385 1448 2484 Quinimo
1458 2387 1651 2482 aliquando

451 2483 589 2577 iniquas
614 2482 836 2558 conditiones
860 2479 1072 2568 subivimus,
1096 2503 1170 2582 quo
1192 2481 1339 2584 publico
1356 2506 1416 2560 eos
1432 2481 1562 2562 foedere
1587 2485 1651 2562 ob-

448 2579 710 2678 stringeremus,
734 2601 779 2654 ue
827 2577 888 2652 uid
910 2576 1055 2652 ulterius
1079 2600 1273 2662 novarent,
1303 2577 1462 2676 odiisque
1484 2576 1549 2656 suis
1575 2603 1649 2658 mo·

447 2677 533 2762 dum
551 2697 732 2775 ponerent.
819 2671 916 2750 eriam
939 2672 1002 2748 ubi
1016 2695 1069 2750 coe
1116 2695 1153 2746 re
1172 2672 1446 2774 Anabaptisticae
1462 2673 1562 2754 sede
1586 2699 1645 2755 ne·

449 2771 555 2850 sanda
570 2773 734 2870 dogmata
759 2772 925 2867 paulatim
955 2767 1043 2868 supp
1082 2767 1257 2860 ulascere,
1282 2769 1529 2869 veteribusque
1553 2798 1650 2852 erro·

447 2869 546 2944 ribus
566 2871 652 2944 novi
673 2865 888 2948 accrescere,
913 2867 1056 2954 omnia,
1081 2867 1312 2978 prohdolor,
1337 2869 1489 2944 humana
1511 2869 1647 2948 divina·

446 2988 519 3060 que
542 2964 622 3060 jura
648 2961 972 3058 improbissimorum
1003 2960 1342 3058 irupirllitnorumque
1367 2965 1550 3042 hominum
1574 2969 1648 3044 col·

448 3060 588 3141 luvies,
620 3059 689 3132 suae
716 3057 902 3156 cupiditati
928 3053 1135 3150 insaniaeque
1167 3055 1381 3156 postponent
1394 3109 1407 3147 ,
1442 3059 1646 3162 presentent

448 3151 567 3230 Nobis
583 3153 827 3230 acerbissumam
842 3151 1010 3230 excitavit
1024 3149 1236 3248 rragndtarn.
1287 3155 1437 3267 Cmpere
1461 3176 1575 3232 autem
1593 3182 1645 3234 re·

446 3249 624 3350 baptizare
649 3250 711 3324 sub
744 3251 825 3326 anni
849 3269 905 3342 34.
931 3245 1033 3342 supra
1054 3245 1276 3326 millesimum
1308 3249 1644 3349 qutngentelimum,

444 3347 612 3424 initium:
644 3344 908 3442 innumerosque
939 3343 1084 3420 subinde
1117 3347 1297 3440 protulere
1320 3371 1454 3426 emores
1487 3345 1643 3450 sacrilegi

446 3443 549 3540 h'ujus
582 3442 681 3520 selle
709 3445 907 3530 authores,
950 3443 1077 3538 quibus
1105 3443 1343 3540 rebaptizatos
1370 3443 1641 3544 obstringerent.

446 3537 534 3614 Nou
557 3563 616 3614 eos
633 3539 895 3624 tantummodo,
918 3563 1008 3636 quos
1026 3539 1144 3614 caeteri
1161 3538 1397 3640 Anabaptillc
1415 3543 1486 3640 jam
1505 3544 1642 3628 dudum

443 3627 543 3714 suere
568 3638 783 3712 commenti:
816 3637 980 3712 videlicet
1004 3635 1047 3710 de
1074 3637 1369 3712 communicandis
1393 3635 1640 3730 facultatibus,

441 3729 600 3830 aliosque
619 3729 769 3828 ejusdem
816 3734 957 3818 eneris,
984 3729 1061 3827 jam
1084 3751 1189 3806 antea
1213 3733 1356 3828 piorum
1383 3731 1639 3834 doslorumque

443 3825 583 3926 scriptis
610 3828 771 3925 proditos
856 3827 1058 3904 confutatos
1077 3846 1089 3898 z
1111 3825 1235 3904 verbm
1260 3850 1371 3904 novas
1395 3829 1637 3928 inauditusque

439 3926 687 4024 excogitavere
719 3919 899 4000 haereses:
934 3923 1066 4002 scilicet
1097 3941 1139 4000 ut
1161 3919 1381 4020 Religionem
1407 3923 1639 4006 Christianam

442 4044 554 4098 totam
575 4019 679 4096 semel
701 4020 912 4106 obruerent,
944 4019 984 4098 δι
1018 4015 1283 4098 confunderent.
1333 4021 1429 4098 Nam
1454 4026 1635 4120 peccanti·

440 4121 507 4210 bus
529 4116 771 4218 penitentiam
795 4115 964 4194 concedi:
996 4114 1109 4212 ipsunt
1141 4120 1247 4194 etiam
1271 4117 1546 4221 Redempturem
1571 4146 1635 4198 no·

440 4217 547 4294 strum
564 4214 739 4292 Christum
759 4237 804 4288 ex
830 4209 927 4290 Diva
946 4211 1094 4313 Virgine
1117 4217 1302 4292 carnaliter
1320 4237 1462 4306 natum,
1485 4216 1638 4300 inficiari

438 4309 518 4389 suut
541 4308 622 4388 aust.
672 4309 916 4408 Exstitereque
946 4312 1038 4386 inter
1063 4329 1124 4384 eos
1143 4312 1230 4386 novi
1255 4311 1397 4416 quidam
1424 4312 1494 4390 Pro
1522 4316 1638 4410 herm,

440 4429 524 4488 erun
549 4407 632 4488 Deo
658 4405 722 4486 libi
743 4405 876 4489 secreta
898 4403 1070 4512 fingentes
1098 4407 1296 4510 colloquia,
1318 4410 1434 4491 rtuiffi
1471 4413 1478 4428 '
1497 4434 1566 4508 que
1579 4433 1634 4485 re·

909 4551 911 4556 ·
1013 4501 1118 4582 Sta
1527 4503 1632 4602 spun-
