4612 5850
546 563 1078 680 antemuranum
1104 595 1172 670 so
1199 569 1531 680 orvansos
1567 601 1652 708 εις

679 801 1190 909 ΕΡιεΤοιΑ
1247 805 1430 906 cxc.
1538 921 1552 950 ,

437 1183 442 1188 .
500 1036 556 1132 D.
603 1031 1078 1140 LUDOVICO
1125 1029 1171 1125 A
1226 1033 1592 1132 SCHORA.

440 1236 515 1332 De
547 1195 701 1356 negotio
729 1233 1089 1348 Daventrt'enfium
1113 1236 1281 1354 Reginca
1309 1238 1491 1344 Mariae,
1529 1238 1649 1330 Hun-

494 1350 1514 1582 ssissiisaedisriii²²piisislsiiisisss
1521 1359 1651 1584 inii

500 1612 554 1720 erf
583 1588 686 1720 onir,
722 1587 910 1718 saionem
943 1495 1210 1710 dysentieriam
1239 1581 1347 1722 qudd
1382 1578 1547 1670 Eledor
1565 1586 1646 1718 'mi-

500 1723 543 1782 nt
572 1722 632 1784 rat
665 1691 854 1802 Caesareis
882 1693 1054 1808 infensus
1069 1691 1129 1802 stt
1139 1719 1153 1794 ;
1180 1694 1290 1808 quod
1327 1691 1645 1808 Protrstanttbus

491 1805 543 1926 se
559 1813 775 1923 junxerit,
805 1805 863 1900 ἓ
881 1806 1081 1924 quddstdi
1107 1805 1230 1916 dedier
1260 1806 1533 1920 instructiones.

449 2031 616 2209 ACce
644 2033 680 2119 i,
706 2031 895 2129 Magnifice
912 2033 1063 2119 Praeses,
1087 2030 1245 2108 Domine
1261 2031 1524 2120 Colendislime‚
1549 2029 1648 2112 Sere-

566 2135 603 2206 ni
629 2153 708 2203 tmae
731 2129 880 2226 Reginae
893 2133 1044 2215 litteras,
1070 2132 1195 2226 quibus
1211 2133 1369 2219 mandat,
1397 2155 1437 2206 ut
1464 2135 1559 2230 apud
1576 2130 1648 2208 Cd-

448 2231 570 2304 mitem
588 2227 784 2300 Palatinum
800 2223 1002 2302 Eleslorem
1021 2228 1201 2324 negotium
1214 2225 1517 2304 Daventtiensmm
1534 2237 1646 2326 agam.

448 2325 491 2400 ld
516 2325 679 2420 equidem
707 2345 748 2396 ea
774 2343 843 2417 qua
879 2323 987 2399 debui
1025 2325 1204 2420 diligentia
1233 2326 1358 2420 exequi
1388 2349 1530 2422 paratus
1561 2325 1648 2400 sum.

447 2419 582 2496 Verium
608 2419 680 2494 hoc
696 2440 856 2513 tempore
880 2419 938 2494 hic
964 2443 1034 2492 nun
1056 2415 1150 2494 adest
1173 2419 1369 2504 Palatinus,
1395 2421 1452 2494 sed
1477 2420 1647 2497 valetudi-

449 2521 504 2593 nis
522 2515 688 2592 curandae
708 2533 898 2610 praeterera,
923 2519 958 2588 in
976 2520 1126 2591 thermas
1147 2518 1313 2612 quasdam
1333 2515 1470 2592 seceffit.
1522 2517 1648 2606 Quum

447 2615 555 2713 igitur
574 2611 712 2707 Regina
736 2607 879 2697 scribat,
905 2635 945 2686 ut
969 2611 1087 2686 habita
1112 2613 1349 2708 oportunitate
1376 2637 1457 2688 cum
1486 2613 1647 2688 Palatino

449 2733 570 2808 agam:
596 2732 667 2782 non
687 2703 759 2782 visa
785 2703 895 2782 estid
923 2707 1007 2784 mihi
1037 2710 1131 2783 velle
1158 2704 1313 2804 Regina,
1338 2729 1376 2781 ut
1398 2715 1441 2784 ad
1469 2708 1648 2784 absentem

447 2801 696 2904 proficiscerer.
747 2799 832 2874 Non
858 2801 993 2899 possum
1019 2825 1132 2877 autern
1167 2803 1214 2876 D.
1242 2804 1285 2876 V.
1313 2809 1447 2891 celare,
1473 2829 1551 2903 quae
1573 2805 1647 2901 ipse

452 2929 496 2978 eo
518 2906 553 2975 in
580 2901 722 2994 negotio
742 2893 968 2973 considerem.
1019 2901 1174 2971 Primum
1200 2901 1292 2974 enim
1316 2925 1440 2996 magna
1467 2905 1538 2997 ejus
1565 2925 1649 2976 con·

450 2987 597 3072 ficiundi
615 2997 683 3068 etit
704 2989 906 3076 difficultas,
931 2997 1025 3088 quod
1045 2993 1217 3068 Palatinus
1236 2997 1356 3077 nobis,
1383 2997 1551 3071 Caesareae
1567 2999 1648 3072 Ma·

448 3095 578 3190 jestatis
594 3085 778 3173 ministris,
804 3090 956 3182 graviter
978 3088 1026 3163 est
1042 3089 1215 3175 offensus,
1243 3089 1298 3164 seu
1323 3089 1448 3167 sestius
1467 3093 1580 3166 dicam
1595 3097 1646 3167 in-

449 3189 567 3264 fensus
587 3212 627 3262 ac
643 3187 763 3259 iratus.
789 3184 960 3258 Indicium
981 3190 1053 3281 ejus
1072 3185 1287 3260 clariffimum
1304 3211 1385 3262 acce
1415 3190 1525 3279 imus,
1550 3193 1647 3286 quod

452 3283 532 3362 etim
547 3288 604 3360 laic
618 3281 700 3358 ante
713 3279 946 3356 hebdomadas
960 3281 1017 3357 sex
1025 3281 1190 3366 venisset,
1204 3307 1374 3381 rogatura
1387 3213 1504 3380 siege,
1515 3307 1553 3359 ut
1563 3307 1648 3382 pro-

452 3381 616 3479 positioni
633 3377 783 3466 adesset,
801 3377 951 3474 primum
966 3377 1105 3474 quidem
1117 3377 1163 3451 D.
1183 3382 1446 3454 Grande-danum
1462 3383 1506 3456 ad
1524 3382 1648 3458 saluta·

452 3481 583 3554 tionem
594 3477 878 3572 colloquiumque
888 3478 1070 3550 admittere
1083 3475 1365 3572 dedignatusest:
1379 3479 1497 3567 Boisoto
1506 3503 1646 3576 quoque

454 3577 491 3650 &
520 3575 605 3646 mihi
633 3574 924 3668 oportunitatem,
957 3573 1105 3644 nostram
1130 3573 1162 3644 ei
1188 3575 1417 3647 reverentiam
1439 3573 1649 3650 testificandi

455 3695 497 3745 ex
517 3671 659 3743 Halon
678 3667 935 3762 quaerentibus,
960 3665 1106 3762 oblique
1123 3663 1323 3762 responsum
1340 3667 1398 3742 est.
1448 3669 1545 3741 Dum
1559 3689 1648 3746 vero

454 3792 518 3842 nos
536 3765 761 3839 nihilominus
776 3761 990 3836 occafionem
1011 3762 1083 3860 ejus
1100 3761 1206 3836 officii
1224 3783 1420 3862 captamus:
1445 3763 1518 3859 ipse
1547 3766 1649 3842 Pala.

454 3869 566 3948 tinus,
590 3859 667 3957 ipsu
683 3861 785 3934 etiam
803 3861 900 3958 Rege
917 3859 1076 3932 inscioac
1093 3857 1293 3950 insalutato,
1321 3862 1404 3935 hinc
1418 3860 1451 3936 sc
1471 3859 1647 3939 subduxit.

454 3963 511 4036 Ex
527 3961 632 4034 Nauio
651 3977 783 4036 autem,
811 3957 931 4051 quiin
958 3957 1072 4051 aliqua
1103 3958 1196 4050 apud
1207 3975 1299 4030 eunt
1328 3958 1439 4051 gratia
1468 3957 1648 4047 remansit,

1680 807 1728 876 Ea
1741 809 1804 876 To·

1682 908 1732 953 mo
1751 889 1809 955 IV.

1680 967 1735 1036 fol.
1753 973 1825 1052 484.

1694 1250 1800 1334 1545·

449 4057 671 4152 intelligimus
687 4051 894 4148 potissimum
917 4075 995 4124 eum
1018 4071 1138 4126 eontra
1162 4051 1425 4126 Granduellanum
1443 4076 1484 4129 ac
1512 4077 1572 4131 me
1592 4056 1648 4132 in·
1693 4053 1696 4062 ‘

451 4155 607 4252 dignari,
632 4149 766 4228 crimin
786 4172 910 4244 genere
922 4149 969 4223 ob
988 4145 1100 4221 soedus
1119 4147 1309 4233 uaricum,
1335 4166 1409 4223 tum
1429 4152 1475 4224 ob
1491 4153 1647 4248 particu-

447 4254 532 4324 laria
557 4249 716 4348 quaedam
749 4246 912 4344 ejusdem.
963 4245 1020 4319 lib
1051 4245 1280 4319 Granduellano
1305 4246 1439 4343 quippe
1462 4245 1560 4344 spem
1582 4245 1646 4324 stbi

450 4345 565 4464 Spirae
581 4343 723 4431 fastam,
748 4343 783 4414 in
801 4365 842 4417 eo
860 4341 1006 4416 traslatu
1022 4345 1097 4438 jura
1111 4338 1170 4414 sua
1185 4341 1416 4452 conjugisque
1431 4341 1535 4419 illaesa
1548 4343 1647 4422 sore:

448 4465 529 4519 cum
547 4461 660 4513 tamen
681 4439 796 4516 nescia
813 4461 893 4538 quae
911 4441 948 4514 in
960 4463 1008 4516 eo
1026 4439 1197 4515 contineri
1209 4440 1411 4517 eriuuaetut
1425 4443 1516 4532 alia,
1540 4439 1647 4535 quint
1674 4501 1677 4510 .

437 4563 446 4579 ·
501 4545 587 4614 satu.
613 4537 674 4612 ΙΙ.
1092 4533 1153 4610 Tr
1419 4577 1424 4588 ·
1535 4533 1650 4614 existi·
