4612 5850
504 577 710 684 zerim.
739 551 1045 668 secacum
1071 579 1138 650 m
1164 553 1495 658 uwuasoe
1525 583 1618 680 247,

433 790 598 961 ss‘ffik'fe
619 775 767 852 habetur
785 788 840 860 15,
874 770 929 837 16.
950 779 1006 851 17·
1023 752 1061 828 ἂ
1078 751 1303 851 sequentibus
1314 751 1558 850 dislinlir'oniiur
1574 727 1630 832 ins

472 899 605 963 emeat.
1124 935 1127 948 Ι

446 1113 450 1128 ·
479 1089 514 1162 5·
538 1060 690 1140 Memini
707 1056 812 1132 etiam
827 1050 864 1124 in
882 1045 1051 1121 Conciliir
1067 1040 1361 1116 panormitanae
1378 1039 1612 1119 celebratione

432 1161 585 1244 Concilii
601 1159 717 1250 ample
741 1147 899 1234 traiiari,
924 1141 962 1215 ἃ
985 1141 1065 1214 sunt
1089 1141 1220 1236 aliquot
1245 1135 1366 1212 cadem
1385 1136 1429 1208 tle
1452 1159 1493 1210 re
1508 1138 1611 1234 opus·

429 1262 509 1340 cula
522 1260 614 1332 inter
632 1270 751 1328 tumor
768 1241 994 1318 Tractatum
1008 1235 1109 1333 juris.
1547 1277 1548 1280 n
1613 1260 1616 1270 ,

454 1456 513 1527 ·6.
537 1429 949 1534 Offic'nrmimperatotit
965 1427 1014 1502 est
1029 1445 1071 1500 ut
1095 1424 1262 1520 exigente
1283 1417 1474 1496 neoeffitate
1484 1419 1611 1498 Eccle-

430 1549 489 1624 fiae
513 1547 675 1621 unionem
705 1547 922 1632 promoveat.
973 1523 1015 1596 ld
1043 1543 1152 1616 quum
1180 1536 1317 1592 veteres
1342 1513 1521 1610 Principes
1546 1518 1610 1612 pie

432 1645 600 1726 fecerint,
624 1657 697 1710 tum
716 1623 894 1704 novissime
921 1618 1089 1693 summum
1113 1615 1180 1688 suit
1202 1614 1238 1684 in
1260 1608 1528 1686 Constanriensrs
1544 1615 1612 1689 Ba·

431 1735 648 1830 srleeufisquc
665 1725 818 1802 Concilii
838 1717 1110 1812 congregatione
1133 1709 1284 1782 studium
1312 1704 1501 1802 Sigistnunrii
1516 1710 1610 1806 Imp.
1760 1775 1763 1780 .

431 1857 473 1910 ac
496 1853 570 1906 tum
590 1827 731 1924 quidem
752 1818 882 1893 summa
909 1811 1100 1885 difficultas·
1117 1828 1161 1881 ert
1189 1797 1398 1876 Pontificum
1421 1823 1464 1875 ac
1481 1797 1607 1880 Eccle-

431 1925 639 2004 siasticorum
656 1921 832 1994 oriebatur
859 1906 1079 1983 dissensione:
1107 1921 1200 1974 nunc
1228 1900 1266 1976 id
1287 1896 1486 1974 conandum
1512 1899 1609 1975 vitle-
1662 1945 1667 1958 ·
1801 1947 1807 1958 .

432 2046 490 2098 tut
501 2017 558 2112 ,ut
579 2037 700 2094 contra
717 2008 939 2085 Saecularium
958 1999 1160 2094 Principum
1168 1991 1465 2090 potestatumque,
1481 1997 1611 2088 quibus

430 2118 601 2197 Haeretici
620 2115 819 2190 adhaerent,
838 2121 984 2174 conatus
1001 2101 1036 2169 in
1052 2093 1280 2192 opprimenda
1298 2084 1463 2160 Ecclesrae
1486 2091 1609 2164 autho·

432 2217 554 2300 ritate,
578 2230 641 2307 per
662 2194 1075 2290 Caesaremitiajestatem
1095 2184 1303 2279 caeterosque
1324 2184 1402 2278 pios
1418 2205 1459 2256 ac
1477 2182 1614 2260 Ortho·
1679 2208 1683 2216 ·

433 2315 546 2388 doxos
557 2303 670 2399 Reges
688 2293 924 2394 provideatur.
965 2287 1026 2362 Est
1045 2287 1136 2360 enim
1161 2281 1305 2355 Caesarie
1324 2276 1505 2366 officium,
1529 2303 1612 2378 pro-

433 2421 575 2480 movere
593 2397 709 2496 primo
725 2391 949 2469 Concilium,
969 2399 1008 2457 ut
1026 2384 1066 2456 id
1082 2377 1238 2474 legitime
1266 2393 1516 2468 oportunoque
1530 2379 1615 2452 luco

433 2517 678 2594 congregetur.
727 2489 856 2580 inquo
892 2479 954 2554 suo
977 2477 1049 2574 jam
1084 2473 1201 2550 officio
1228 2467 1464 2565 Majestarsua
1480 2494 1613 2568 peram.

432 2595 495 2696 ple
518 2589 637 2665 sonita
655 2582 715 2660 est.
766 2577 906 2652 Deinde
924 2593 963 2647 ut
989 2571 1067 2646 tutti
1094 2567 1219 2666 possunt
1247 2589 1293 2638 err
1321 2563 1479 2638 omnibus
1502 2569 1612 2654 lucie,

433 2695 494 2788 qui
514 2686 676 2763 Concilio
692 2671 849 2752 interesse
868 2673 1017 2753 debent,
1042 2688 1154 2762 eoque
1170 2664 1289 2738 vocati
1305 2659 1401 2743 sunt,
1425 2682 1468 2733 eo
1488 2683 1612 2756 perne.

433 2791 518 2862 nire.
568 2782 656 2854 Item
671 2795 712 2849 ut
732 2771 811 2859 tuto
827 2769 875 2842 ibi
892 2787 1031 2838 manete
1050 2779 1197 2858 queant,
1223 2755 1302 2830 cium
1321 2751 1436 2830 Caesar
1459 2753 1499 2830 srt
1516 2755 1620 2842 Con,

433 2884 507 2962 ciiii
535 2876 714 2970 supremus
743 2863 933 2964 proruitur.
979 2857 1193 3022 QTuanquam
1225 2849 1317 2923 soliti
1346 2847 1424 2922 sunt
1448 2845 1612 2928 constitui

434 2977 535 3052 etiam
556 2975 601 3046 de
617 2965 768 3043 Concilii
786 2955 996 3033 authoritate
1024 2954 1175 3047 peciales
1200 2947 1258 3018 alii
1277 2941 1511 3038 protectorer:
1537 2951 1614 3042 qni.

435 3077 501 3147 bus
532 3065 617 3141 solet
643 3058 814 3136 committi
842 3045 1033 3146 jurisdictio
1054 3047 1089 3117 in
1114 3041 1245 3118 casibus
1272 3041 1330 3134 qui
1356 3036 1466 3112 solent
1481 3043 1620 3118 exoriri

435 3163 539 3263 super
564 3153 739 3234 causarum
776 3145 1002 3223 criminalium
1029 3139 1065 3212 δι
1090 3139 1245 3214 civilium
1263 3135 1474 3229 cognitione.
1522 3135 1614 3210 Item

435 3284 475 3338 ut
493 3261 654 3356 suggerat
675 3249 836 3324 Concilio
853 3259 911 3323 ea,
937 3257 1014 3334 quae
1033 3233 1318 3309 consultationem
1342 3225 1481 3303 Parrum
1498 3233 1612 3324 requi-

434 3381 510 3432 rere
534 3355 697 3452 videntur
722 3365 787 3442 pro
823 3338 956 3412 unitate
985 3333 1022 3406 &
1048 3329 1237 3406 concordia
1262 3325 1483 3420 Reipublicae
1507 3325 1612 3404 Chri·

434 3450 562 3527 stianae.
613 3445 700 3521 Item
713 3463 753 3516 ut
772 3435 892 3536 postca
910 3427 1063 3526 legitime
1082 3431 1219 3502 decreta
1232 3443 1437 3525 exequatur.

449 3617 453 3716 f
485 3633 594 3733 Quod
614 3631 638 3706 si
655 3651 768 3705 autern
785 3621 938 3696 Cesarea
955 3615 1119 3712 Maiestas
1135 3609 1179 3684 ati
1197 3611 1351 3685 Concilii
1376 3611 1513 3683 initium
1528 3624 1620 3706 perr

436 3738 595 3814 sonaliter
611 3724 721 3801 adesse
739 3738 903 3814 nequeat,
929 3715 1055 3810 poterit
1073 3729 1185 3783 tamen
1207 3728 1250 3777 eo
1268 3705 1437 3800 Legatum
1457 3707 1612 3792 mittere,

439 3837 500 3929 qui
517 3851 558 3904 ea
572 3841 709 3920 repetat
725 3819 973 3906 continuetque
985 3864 994 3894 ,
1008 3831 1086 3902 quae
1101 3828 1165 3901 per
1183 3797 1507 3877 Reverendissrmum
1526 3801 1613 3894 Epi·

436 3927 580 4026 scopum
589 3909 845 3994 Atrebatenseru
859 3907 933 4003 (p)
951 3927 1042 3980 anno
1061 3921 1164 3994 1543.
1177 3897 1215 3988 9,
1231 3895 1381 3992 januarii
1404 3915 1519 3970 corarn
1541 3891 1614 3969 De-

1514 4003 1622 4090 ΡΜ

446 4173 455 4190 ‘
479 4175 539 4266 (7)
563 4155 906 4256 Qrtaeperlitvertnrir'ffi
921 4141 1615 4242 Episcopum.Ambarmsem&e.]1stprusest

441 4265 484 4332 td
496 4277 596 4346 quem
615 4253 703 4320 hauc
719 4247 893 4335 epistolam
913 4239 950 4308 δι
965 4241 1059 4304 hunc
1089 4235 1133 4302 tie
1163 4231 1276 4296 forma
1299 4225 1494 4296 celebrandi
1517 4227 1621 4296 Con*

440 4335 509 4410 ciiii
523 4325 825 4408 'Commentariun
855 4323 980 4396 mittit,
1007 4331 1107 4404 quern
1133 4315 1214 4379 ideo
1237 4311 1362 4383 censeo
1385 4309 1428 4380 ab
1445 4309 1615 4382 aliocoq.

440 4427 628 4512 scriptum,
649 4418 687 4488 δι
705 4432 726 4482 a
747 4411 849 4498 ngt'o
870 4408 1092 4493 adoptatum,
1113 4395 1228 4558 Qec
1257 4417 1260 4424 ·
1309 4417 1315 4426 ·
1352 4433 1360 4450 .
1394 4417 1421 4430 -ae
1611 4389 1626 4434 r
