4612 5850
518 585 715 728 urusr.
744 560 1058 682 sanatura
1095 587 1163 678 nr
1189 579 1522 688 orvansos.
1566 619 1651 714 39,
1768 663 1770 672 n

440 785 605 868 robustea
631 779 730 860 inille
753 783 921 880 juveneta
946 779 1048 876 pueri
1077 775 1198 871 vead,
1231 778 1267 856 se
1294 778 1433 860 futuros
1462 783 1572 886 longe
1592 791 1649 870 hia

441 885 654 964 robustiorer
683 878 915 964 occinebant:
946 879 1116 974 juvenum
1149 877 1239 954 vead
1265 877 1419 967 chorus,
1452 881 1581 980 sejam
1606 883 1646 962 id

442 979 510 1061 effe
527 979 725 1080 pangebat,
748 976 846 1076 quod
866 973 926 1049 vel
945 973 998 1050 ilii
1025 969 1187 1060 ararent,
1210 977 1269 1050 vel
1292 976 1330 1052 hi
1355 973 1391 1051 se
1411 975 1550 1054 futuros
1564 977 1642 1081 spe·

438 1094 566 1161 tarent.
616 1071 698 1172 Ego
711 1071 795 1166 sane
811 1071 923 1170 priori
945 1069 1057 1146 choro
1071 1071 1137 1144 ‘am
1160 1064 1293 1146 dudum
1315 1066 1389 1149 sum
1412 1091 1639 1174 aggregatus:
1701 1111 1706 1116 ·

438 1171 476 1252 dc
494 1175 521 1254 sr
538 1175 625 1276 quid
644 1169 832 1270 aliquando
852 1166 1005 1262 roboria¹
1022 1094 1222 1278 naluitvel
1245 1169 1446 1266 ingenium,
1470 1175 1529 1250 vel
1550 1173 1643 1272 judi·

439 1273 551 1360 clum‚
571 1272 644 1369 jam
663 1259 872 1368 aetat'epend
887 1285 1003 1342 totum
1015 1283 1192 1343 emarcuit
1241 1263 1354 1352 Nam,
1376 1289 1416 1342 ut
1431 1271 1546 1368 inquit
1560 1273 1639 1362 ille,

437 1373 559 1448 Omnia
570 1365 645 1466 feri
669 1381 777 1458 cras,
809 1367 949 1439 animm
977 1379 1113 1459 pomae:
1139 1352 1178 1434 dc
1203 1384 1276 1450 noa
1302 1358 1413 1440 solum
1437 1369 1641 1448 memoriam

437 1465 641 1546 tiresaurum
664 1458 898 1562 eloquentia,
923 1451 1100 1572 utUFalius
1134 1459 1202 1548 ait,
1226 1455 1286 1574 sed
1310 1463 1466 1538 omnium
1488 1463 1574 1541 disci
1599 1463 1641 1542 ll·

438 1585 567 1649 narum
612 1583 857 1671 uoque‚prom
884 1578 1039 1668 tumtum
1059 1551 1195 1642 aufert:
1218 1578 1378 1652 vigorem
1401 1560 1507 1671 animi
1525 1489 1637 1639 toliit:

436 1659 610 1834 arla
637 1580 932 1832 erari
959 1647 1638 1834 deaaaaaffuaafflurau

433 1779 766 1932 morborumpgmie
782 1873 920 1948 genua,
999 1845 1139 1945 pondua
1160 1843 1249 1922 illud
1271 1872 1398 1945 grave,
1424 1853 1522 1950 quod
1539 1801 1637 1954 apud

434 1951 620 2030 Comicum
642 1951 764 2026 uidere
785 1945 852 2023 est:
877 1943 1010 2022 scilicet
1036 1966 1126 2020 onus
1156 1965 1330 2022 annorum
1352 1944 1530 2048 sexaginta
1551 1975 1638 2050 qua·

355 2099 357 2113 '
432 2034 1561 2238 iliraiitillaliiffi,illailla‘illidii
1584 2045 1635 2224 it

432 2245 531 2338 apud
554 2239 738 2316 citnaram.
788 2235 912 2333 Quum
961 2257 1013 2310 aec
1033 2235 1072 2308 in
1093 2233 1245 2336 meipso
1268 2237 1374 2335 quim
1396 2241 1504 2316 velim
1529 2263 1635 2340 expe·

434 2339 507 2414 riar
528 2338 685 2420 veriora,
709 2357 874 2446 maguum
895 2331 1185 2444 impedimentum
1214 2335 1395 2430 prestant,
1447 2361 1494 2412 uo
1516 2339 1634 2414 minut

431 2437 615 2512 oeuiuram
629 2455 729 2526 eam,
788 2443 868 2507 uam
894 2454 916 2506 a
938 2451 996 2506 me
1017 2419 1164 2506 Ducalrs
1189 2431 1302 2508 vestra
1327 2359 1548 2510 Exceientn
1563 2431 1634 2512 suit

428 2533 562 2619 literis,
587 2529 725 2605 decima
819 2550 867 2605 va
884 2523 1061 2636 preteriti
1084 2518 1209 2604 nenas
1230 2525 1319 2604 Maii
1342 2533 1507 2618 exaratin
1531 2523 1569 2605 iu
1596 2552 1634 2606 er

428 2631 515 2706 trini
536 2627 690 2722 catalogi
705 2625 804 2702 libris
830 2649 851 2700 a
872 2635 927 2698 rn'e
950 2619 1143 2720 flagitarit,
1165 2621 1369 2720 impendere
1385 2648 1531 2724 queam:
1559 2553 1634 2704 gad

428 2727 584 2800 omnium
598 2721 771 2810 maxime,
796 2721 895 2820 qudd
908 2723 995 2819 juris
1015 2719 1197 2818 utriunque
1215 2721 1431 2821 disciplinam
1448 2717 1492 2799 ab
1510 2723 1635 2802 ineun-

430 2841 469 2898 te
490 2841 593 2896 aetate
621 2823 849 2914 complexui,
872 2840 947 2890 rem
963 2818 1198 2914 theologicam
1216 2816 1260 2894 ab
1286 2811 1368 2914 iplis
1395 2817 1480 2896 fidei
1499 2819 1635 2897 Catho-

430 2919 509 2994 licae
522 2915 700 3004 fontibus,
726 2933 798 2986 non
815 2909 838 2984 ὲ
855 2913 988 2985 lacunis
999 2909 1168 3008 ficcisque
1185 2911 1433 2990 hereticorum
1450 2915 1607 2992 cisternis
1616 2961 1631 3008 ‚

429 3009 657 3088 hauriendam
671 3005 842 3108 mihielie
857 3009 895 3081 in
917 3007 1067 3082 animum
1085 3006 1223 3104 semper
1247 3007 1461 3086 induxerim:
1485 3035 1557 3111 quo
1567 3011 1631 3107 fit,

430 3129 472 3184 ut
496 3105 668 3220 praelibati
682 3103 957 3278 cataloglielilrros
974 3127 1046 3180 nou
1061 3099 1271 3276 evglvereilm,
1295 3103 1355 3181 sed
1372 3133 1392 3182 a
1410 3105 1633 3280 lslffiiofibut'
1653 3193 1658 3213 ‚

429 3203 926 3415 {diffidiare
949 3223 1212 3410 ,i‘ii‘tiuai
1230 3223 1273 3411 ii
1289 3225 1457 3399 ”iliu
1470 3229 1631 3402 aila:

427 3398 559 3479 etiamst
578 3399 818 3496 duplicaretur
841 3415 948 3472 aetas:
974 3394 1096 3470 eadent
1112 3395 1149 3472 dt
1167 3395 1252 3470 mrhr
1272 3393 1371 3476 sedet
1389 3397 1557 3476 sententia
1571 3401 1629 3480 de

427 3497 587 3612 legendis
602 3519 723 3570 eorum
736 3495 855 3582 libris,
879 3494 942 3590 qui
965 3491 1010 3566 ab
1030 3493 1230 3568 orthodoxa
1243 3487 1359 3570 nostra
1382 3490 1451 3572 fide
1466 3491 1627 3578 delirant

427 3593 510 3672 Scio
526 3595 640 3668 claron
655 3587 1052 3686 quosdamprofeffiooe
1076 3591 1264 3686 theologos
1288 3584 1403 3690 palam
1428 3585 1629 3681 testanda

425 3691 537 3786 magis
552 3689 645 3763 trahi
664 3686 709 3760 ad
725 3683 871 3760 solidam
888 3702 993 3782 atque
1016 3685 1198 3782 genuinam
1225 3683 1475 3784 scripturarum
1487 3733 1490 3742 ·
1503 3681 1629 3770 tracia·

425 3789 580 3869 tionem,
605 3781 710 3881 quam
735 3804 775 3858 ut
786 3781 821 3856 se
838 3802 982 3860 exerant
999 3803 1121 3859 contra
1137 3786 1335 3880 haerneiooa.
1384 3775 1527 3864 Mecum
1543 3788 1627 3884 pro'·

424 3881 519 3962 feteo
534 3883 681 3980 pulchre
699 3878 893 3965 deciditur,
916 3881 953 3952 in
972 3879 1038 3956 hac
1056 3881 1207 3976 degente
1224 3879 1374 3970 saneim,
1400 3878 1626 3964 liconcredi·

424 4003 500 4059 tum
518 3981 606 4054 mihi
670 4000 771 4075 egem
796 3978 948 4074 genuino
970 3975 1144 4055 sacrarum
1169 3977 1348 4060 literarum
1373 3979 1529 4078 pabulo,
1551 3981 1625 4060 uon

422 4079 639 4180 aliundqu
710 4070 930 4152 eveteribus
955 4073 994 4152 dc
1017 4071 1200 4152 catholicis
1226 4077 1426 4158 auctoribus
1449 4076 1625 4178 οῡιιῳιῑᾱ.Ι
1724 4091 1762 4126 ·.

422 4201 482 4260 to.
497 4167 648 4288 'pal'cere
673 4172 820 4269 qu'ear'nt
842 4169 886 4246 ad
905 4174 1002 4270 quod
1023 4187 1162 4249 onlnem
1186 4165 1306 4286 senilia
1324 4174 1427 4287 animi
1452 4179 1547 4266 vim,
1571 4179 1628 4252 in·

424 4265 607 4360 duihram,
630 4293 792 4370 operam,
821 4269 983 4370 alliduurn
1008 4270 1348 4382 uelaloorern,mrh1
1372 4273 1627 4380 conferendum

421 4385 549 4468 perot·
574 4361 790 4444 nouenae
811 4361 981 4445 leltaoen
1027 4415 1039 4459 ‚
1065 4383 1257 4474 aeramen
1281 4373 1354 4446 rei·
1368 4371 1508 4468 proriae
1535 4371 1627 4450 tanti

420 4465 534 4639 hergs
562 4464 764 4636 dIeItrediaffe
779 4464 891 4567 julia,-
911 4449 972 4543 vei
984 4485 1046 4638 ng)
1055 4466 1303 4639 gilgnqultiem
1320 4469 1559 4640 caprinos-gd
1573 4480 1626 4542 ta·

515 4585 558 4637 at.
616 4616 626 4637 .
1532 4586 1630 4644 erua-
