4882 5804
589 603 789 708 EPIST.
820 583 1126 698 SELECTAE
1144 584 1218 684 ‚iim
1246 568 1578 696 DIVmRs'os.
1612 597 1691 706 163
1738 657 1747 682 ς
1851 577 1857 586 ’

495 812 554 903 di,
577 810 697 885 unicas
721 799 838 875 adhuc
857 780 975 870 literas
991 809 1126 864 tantum
1145 786 1277 882 accepi.
1327 784 1410 860 Scio
1431 784 1561 882 quibus
1582 788 1690 862 confi·

493 915 555 988 das
574 895 878 983 excusationibus,
910 888 971 964 sed
995 906 1063 984 ego
1088 880 1358 980 peremptoriam
1386 881 1501 956 habeo
1527 883 1690 959 adversa,

493 992 896 1090 omnemexceptionem.
944 982 1024 1078 Jusst
1040 981 1130 1055 enim
1148 995 1189 1054 ut
1207 976 1377 1076 quicquid
1396 976 1470 1074 ipse
1487 981 1594 1054 veliet
1610 980 1691 1054 scti-

484 1099 599 1189 bere,
620 1097 680 1172 vel
701 1093 746 1166 ab
756 1089 834 1161 aliis
851 1082 916 1157 tibi
935 1073 1228 1160 committeretur,
1254 1073 1291 1147 id
1313 1077 1407 1170 patri
1433 1073 1688 1150 transmitteret.
1740 1071 1744 1078 ’

491 1199 588 1291 Qua
608 1215 648 1270 tu
669 1188 759 1266 vend
783 1185 835 1258 isli
858 1173 1023 1253 haetenus
1050 1169 1226 1270 scripfisii,
1250 1172 1368 1244 omnia
1388 1172 1475 1248 mibi
1498 1177 1691 1252 communi.

491 1307 569 1376 cara
592 1289 681 1366 funt.
729 1284 781 1358 Et
802 1274 897 1375 quod
921 1292 1032 1350 meam
1056 1267 1305 1366 impatientiam
1330 1269 1470 1360 grauius
1489 1270 1689 1354 exulcerat,

490 1394 574 1470 iude
585 1383 762 1478 intelligo,
788 1373 921 1450 nullum
936 1369 997 1443 aba
1013 1387 1048 1440 te
1062 1365 1302 1448 libellumut
1311 1359 1606 1457 praescripseram,
1630 1387 1690 1438 an·

490 1479 713 1567 notatumilii
725 1499 752 1550 a
766 1491 801 1548 te
815 1466 949 1544 miffum
966 1459 1051 1540 esset
1076 1456 1244 1535 transsatae
1261 1458 1322 1532 aba
1334 1477 1372 1531 te
1385 1457 1535 1531 historiae
1551 1482 1595 1532 ne
1613 1477 1689 1533 tan·

490 1587 604 1662 rissum
620 1575 762 1676 quidem
781 1563 949 1643 haetenus
970 1558 1082 1640 visum
1104 1553 1181 1630 esse.
1230 1551 1307 1647 Jam
1324 1552 1410 1648 quid
1429 1554 1465 1628 in
1484 1553 1567 1648 Jure
1581 1554 1691 1652 profi·

492 1685 587 1767 cias,
611 1669 777 1774 quodque
800 1683 898 1739 tuum
922 1681 963 1733 ea
991 1659 1027 1729 in
1050 1677 1089 1728 re
1111 1651 1153 1734 sit
1174 1650 1366 1748 judicium,
1390 1649 1471 1726 inde
1498 1652 1580 1725 satis
1603 1673 1688 1726 con·
1724 1653 1727 1658 ’

486 1779 603 1880 jedio,
628 1768 726 1868 quod
747 1784 782 1839 te
799 1782 843 1834 ex
861 1755 1000 1831 Honore
1024 1751 1044 1792 *
1068 1744 1339 1842 mei'cungresiu
1362 1747 1443 1845 plue
1465 1747 1569 1842 quim
1592 1749 1687 1820 Arri·
1717 1757 1857 1830 *Hm-1.

487 1879 573 1975 gurr'i
594 1871 632 1914 ¹¹*
656 1858 863 1940 leiiionibus
885 1849 1002 1926 scribit
1027 1841 1222 1942 profecisse.
1272 1841 1484 1938 Quanquam
1508 1845 1601 1916 enirn
1620 1850 1686 1939 ego
1713 1853 1758 1906 m.

489 1973 652 2047 Hriirrrm
678 1961 794 2035 virum
810 1953 914 2027 sciam
933 1945 1000 2020 esse
1016 1939 1262 2022 dosiissimum,
1276 1960 1426 2013 attamen
1443 1936 1534 2031 Jurir
1551 1959 1685 2014 tantum
1766 2009 1772 2020 ,

490 2069 541 2144 est
557 2057 761 2142 candidatur
781 2047 864 2125 etim
885 2044 973 2152 alter
988 2037 1196 2136 grandaevus
1220 2032 1262 2108 sit
1285 2032 1456 2130 professor
1476 2085 1488 2121 ,
1512 2059 1532 2108 a
1554 2059 1625 2132 quo
1650 2036 1688 2112 δι
1712 2016 1808 2139 ffl'
1822 2003 1857 2125 ab

490 2185 559 2260 ago
581 2156 711 2235 discere
730 2147 834 2222 etiam
850 2139 970 2226 velun.
1019 2131 1166 2228 Quanto
1190 2132 1238 2204 mi
1262 2127 1322 2225 Jr.
1340 2133 1453 2226 Georgi
1477 2128 1559 2206 esset
1579 2136 1685 2207 hone·
1715 2099 1859 2232 ,1„,{¹‡0.

488 2260 597 2342 iiius,
622 2274 658 2325 te
680 2245 719 2322 id
742 2261 885 2338 operam
901 2234 983 2310 dese
999 2251 1072 2329 quo
1092 2245 1231 2324 patrem
1242 2243 1297 2301 tot
1314 2230 1462 2320 negotiis
1484 2251 1687 2324 gravatum,
1715 2233 1861 2296 retrorve-

488 2360 559 2436 tuis
587 2347 698 2426 literis
723 2351 986 2429 nonnumquam
1010 2326 1237 2412 exhilararet,
1262 2321 1451 2398 studiorum
1469 2345 1608 2398 tuorum
1625 2349 1688 2422 gu·
1714 2319 1841 2375 “Vim-
1876 2331 1879 2340 ’

486 2457 574 2530 stum
592 2447 644 2521 isli
664 2442 784 2524 dares,
808 2433 893 2506 vitae
906 2425 1037 2500 suturae
1054 2416 1195 2498 confilia
1216 2423 1510 2509 communicares,
1536 2443 1576 2495 ac
1592 2445 1627 2496 te
1651 2424 1687 2494 in

487 2544 651 2628 omnibus
671 2533 919 2627 obsequentem
940 2518 1132 2618 praeberes.
1182 2515 1233 2590 At
1248 2537 1341 2588 nunc
1363 2515 1481 2592 infima
1500 2536 1631 2591 tantum
1647 2522 1690 2593 li-

486 2647 677 2722 terularum
692 2648 829 2706 tuarum
837 2618 1043 2712 subscriptio
1059 2612 1182 2689 salsum
1198 2611 1370 2709 quendam
1381 2613 1488 2688 habet
1495 2611 1687 2711 obsequen.

487 2747 548 2822 tiae
565 2738 725 2818 titulum,
748 2721 830 2812 cim
847 2739 968 2794 reuera
982 2711 1071 2786 nihil
1092 2703 1237 2806 sicergo
1257 2729 1390 2804 patrem
1410 2729 1444 2781 te
1460 2709 1689 2808 inobsequen-

488 2843 571 2918 tins.
618 2823 732 3001 (quod
748 2819 857 2913 siege
876 2809 1007 2908 aliquid
1026 2808 1079 2882 tui
1092 2807 1224 2904 eulogii
1241 2827 1376 2903 epatre
1397 2805 1591 2904 intelligere
1611 2807 1689 2904 pos-

488 2937 578 3024 sem,
602 2932 678 3026 ipe
700 2934 844 3020 paratus
866 2906 968 2986 essem
991 2907 1075 2978 meir
1093 2923 1130 2978 te
1149 2923 1274 2978 ornare
1300 2901 1477 3000 epistolis,
1503 2926 1545 2977 ac
1571 2927 1611 2978 ea
1640 2905 1687 2978 ad

487 3059 524 3112 te
541 3029 692 3105 scribere
707 3035 791 3116 quae
806 3029 846 3084 tu
869 3006 946 3081 aliia
967 2997 1080 3098 posses
1096 3001 1199 3076 etiam
1216 3021 1294 3074 cum
1315 2995 1496 3092 voluptate
1515 3001 1684 3093 quadam,

492 3131 531 3206 δι
550 3147 623 3198 non
646 3116 717 3192 fine
745 3130 807 3185 tuo
835 3107 970 3179 honore
998 3094 1147 3192 legenda
1174 3096 1450 3181 communicare,
1475 3115 1568 3170 nunc
1591 3094 1685 3190 quast

487 3217 650 3304 incusati
669 3214 735 3286 stre
762 3209 876 3287 itmn,
900 3196 947 3271 suc
971 3213 1046 3268 tute
1068 3193 1154 3280 mihi
1177 3192 1223 3265 ad
1246 3190 1403 3265 convitia
1427 3194 1544 3266 omnia
1570 3193 1683 3266 nostra

487 3311 739 3414 ¹compofituse
768 3295 945 3378 erideris.
996 3287 1114 3386 Quem
1131 3309 1218 3362 vero
1243 3289 1382 3360 tandem
1405 3311 1520 3361 rerum
1548 3307 1685 3364 tuarum

489 3417 596 3509 finem
614 3410 678 3486 tibi
699 3395 880 3501 praefigit?
906 3388 994 3480 Quo
1012 3409 1046 3460 te
1069 3382 1227 3460 conseres
1245 3385 1386 3479 quando
1407 3385 1516 3479 patris
1564 3389 1686 3461 tatium

485 3511 614 3614 sponte
637 3505 679 3578 de
707 3497 814 3580 onis,
847 3504 958 3585 atque
976 3483 1065 3558 adeo
1086 3480 1246 3557 excutis?
1280 3477 1381 3568 Quid
1405 3481 1449 3554 de
1474 3501 1507 3554 te
1528 3408 1685 3556 &aarum

488 3525 705 3689 existimans
728 3590 826 3686 Quin
847 3604 904 3673 tu,
931 3580 980 3655 mi
1004 3581 1137 3672 Georgi,
1161 3577 1277 3651 adhuc
1293 3576 1338 3648 ad
1363 3594 1398 3650 te
1414 3599 1519 3673 arque
1534 3579 1571 3649 in
1589 3580 1682 3651 viam

489 3706 588 3792 redi,
611 3716 690 3793 quae
705 3693 742 3763 in
761 3683 879 3760 studiis
897 3698 985 3750 ame
1002 3674 1202 3770 praescripta
1221 3671 1297 3745 sunt
1315 3670 1466 3766 perfice,
1491 3695 1681 3766 eorumque
1748 3701 1760 3724 ·

484 3803 584 3906 ,patri
607 3797 818 3870 documenta
843 3775 930 3861 ede,
947 3771 1107 3940 {uternis
1129 3771 1216 3845 vend
1240 3771 1454 3864 aliorumque
1477 3769 1584 3842 literis
1604 3771 1682 3842 dili·

635 3887 674 3964 du
699 3897 833 3958 mature
856 3869 958 3947 resen
985 3891 1042 3940 ere
1064 3887 1166 3940 cura:
1190 3867 1240 3939 ita
1260 3886 1295 3938 te
1319 3867 1506 3938 amabimus
1526 3888 1568 3939 ac
1585 3867 1683 3940 omni

514 3919 612 3977 enter

486 3929 604 4073 fludio
622 3978 880 4082 prosequemur.
929 3963 993 4041 Sin
1014 3959 1148 4036 sensero
1163 3983 1207 4034 ne
1226 3961 1292 4036 hac
1310 3963 1450 4055 quidem
1475 3963 1620 4056 epistola
1632 3955 1681 4036 sa.

485 4099 532 4175 tis
560 4089 632 4166 acri
656 4079 740 4178 quic
764 4092 841 4145 uam
865 4083 900 4138 te
923 4060 1160 4147 commoveri,
1189 4055 1319 4154 jubebo
1345 4077 1379 4130 te
1402 4055 1506 4134 semel
1536 4061 1681 4152 longum

487 4191 617 4276 valere.
672 4099 867 4270 Epistosam
889 4154 1124 4270 accenseam
1149 4155 1339 4266 duntaxat,
1372 4155 1555 4250 postquam
1581 4154 1682 4228 Italia

489 4281 633 4366 excessi,
656 4267 790 4365 accepi.
840 4258 899 4333 De
919 4255 1017 4330 hbrtu
1042 4273 1128 4326 mets
1154 4253 1240 4347 quad
1262 4248 1341 4323 fieti
1355 4254 1483 4325 uellem
1501 4249 1590 4418 [εἴ
1608 4271 1680 4324 mo·

490 4379 564 4462 imi,
613 4372 751 4452 Ranicur
785 4355 902 4435 noster
936 4349 1188 4444 conqueritut3
1220 4345 1283 4422 fibi
1314 4367 1380 4444 pro
1416 4371 1527 4422 aureo,
1571 4369 1682 4422 oreno

490 4474 678 4574 nonaginta
695 4479 831 4542 tautum
857 4449 1023 4530 soliduloa
1048 4445 1204 4614 vinctor
1228 4442 1378 4528 sosares,
1404 4465 1444 4518 ea
1462 4445 1594 4519 ratione
1612 4466 1686 4540 mg.
1728 4523 1731 4527 β

1136 4561 1157 4614 2
1438 4559 1441 4566 '
1582 4559 1686 4635 gnam

1713 1929 1748 1968 Η
1760 1923 1846 1984 Am.
1974 1915 1980 1938 ¹
