4742 5814
702 567 798 687 aad
824 561 1153 700 Vidium
1180 567 1447 670 AYTTA·
1467 573 1840 692 ZUICHEMt

709 743 785 826 tito
808 767 872 822 cur
890 743 947 818 illi
967 745 1082 820 minus
1105 739 1257 835 saciant,
1281 746 1387 844 quim
1401 753 1522 846 caetcri
1538 748 1732 857 Germani,
1755 765 1919 870 solalffi.

703 827 806 942 perii
829 841 966 918 ratione
993 839 1163 916 Caesareae
1194 839 1252 917 M.
1288 844 1454 926 devincti.
1512 847 1625 947 Quod
1663 861 1916 952 immunitatem

710 940 960 1036 pretendunt,
984 939 1021 1012 id
1043 935 1108 1035 ipsi
1136 939 1289 1014 viderint
1308 941 1411 1038 quim
1426 943 1469 1019 stt
1489 945 1684 1030 fundatum.
1735 961 1831 1040 Mihi
1854 968 1917 1046 111-

709 1037 797 1131 11111
815 1031 991 1130 objectum
1007 1032 1101 1123 suit,
1126 1038 1225 1133 quod
1244 1039 1402 1114 Hernicus
1428 1037 1560 1121 Comes
1575 1045 1776 1147 Palatinus,
1800 1087 1914 1160 quou-

717 1131 800 1204 dam
819 1129 1042 1230 Episcopus,
1064 1133 1179 1206 adhuc
1206 1133 1244 1205 in
1268 1137 1362 1208 vivis
1394 1138 1560 1232 existens,
1590 1147 1727 1227 dicatur
1749 1153 1917 1250 asserere,

713 1223 752 1301 11
772 1229 887 1301 omnia
912 1227 1055 1326 imperii
1069 1227 1241 1302 ordinaria
1257 1251 1364 1306 onera
1376 1235 1585 1315 obedienter
1602 1251 1799 1342 agnovere:
1823 1259 1917 1334 idern

585 1376 587 1380 .
714 1321 915 1418 praedicant
941 1327 987 1398 de
1014 1319 1336 1402 Predeceiioribut.
1385 1329 1519 1410 Verium
1537 1355 1719 1438 utcunque
1741 1350 1778 1424 id
1801 1349 1834 1427 se
1857 1359 1918 1434 ht·

714 1419 809 1506 bet,
839 1417 968 1494 etiamst
1005 1415 1146 1517 imperii
1172 1421 1303 1496 intuitu
1335 1427 1461 1505 nolunt
1490 1455 1573 1507 cum
1604 1444 1740 1518 caeteris
1759 1445 1917 1536 Statibur

714 1514 962 1601 contribuere,
990 1537 1062 1612 non
1080 1537 1195 1590 tamen
1210 1517 1351 1614 poliunt
1380 1521 1414 1598 se
1433 1549 1518 1622 erga
1537 1527 1789 1629 Imperatorem
1813 1571 1917 1626 excu-

717 1609 813 1692 sare,
838 1633 910 1706 quo
933 1611 1045 1686 minue
1064 1611 1181 1686 saltem
1206 1615 1305 1708 paria
1324 1637 1406 1694 curn
1429 1631 1601 1708 extraneis
1615 1629 1756 1714 fuciunt.
1806 1641 1919 1734 Quod

720 1707 809 1783 verri
836 1708 990 1802 pertinet
1019 1709 1064 1782 ad
1096 1711 1357 1804 expeditionem
1392 1715 1616 1810 Tureicam,
1650 1751 1752 1824 quam
1781 1760 1918 1824 vocum

719 1800 909 1878 subsidium
929 1801 1145 1878 defenfivum
1163 1805 1330 1902 imperii,
1354 1811 1450 1886 ineo
1468 1815 1549 1890 cirtn
1565 1817 1608 1894 fit
1622 1824 1827 1922 derogatum
1843 1829 1919 1918 oni·

720 1900 827 1975 nibua
857 1897 894 1973 dt
922 1897 1184 2010 quibuscunque
1212 1905 1406 1999 privilegiis
1425 1911 1461 1986 &
1483 1911 1786 2014 immunitatibus,
1819 1941 1917 2028 quod

718 1997 852 2170 pilum
869 1997 1041 2076 creditum
1057 1995 1120 2083 iit,
1143 2019 1183 2072 ut
1197 2021 1319 2078 omnes
1335 1999 1506 2082 Germani
1526 2014 1649 2105 patriae
1664 2041 1706 2093 ac
1720 2018 1919 2123 Religioni·

750 2089 859 2168 ostem
893 2094 1053 2168 adunatis
1072 2094 1207 2170 viribus
1235 2097 1465 2195 propulsent:
1497 2127 1588 2201 puto
1613 2111 1653 2186 &
1677 2139 1746 2212 ego
1768 2119 1919 2207 Caesarir

720 2208 874 2264 mentem
901 2185 988 2276 eise,
1012 2209 1051 2263 ut
1075 2191 1127 2264 ilii
1154 2215 1300 2290 quoque
1325 2195 1395 2270 una
1427 2202 1663 2284 contribuant.
1712 2211 1776 2289 Est
1803 2243 1921 2302 autem

708 2281 882 2380 ,expresse
907 2287 1038 2360 ditium
1061 2287 1097 2362 in
1121 2291 1286 2384 proximo
1309 2291 1441 2368 recess’u
1459 2295 1635 2396 Spirensi,
1660 2312 1756 2403 quod
1775 2311 1921 2397 subsidia

722 2379 1025 2456 baereditarirrum
1046 2381 1215 2460 ditionum
1232 2385 1278 2460 ad
1296 2388 1487 2485 Imperium
1507 2398 1779 2498 pertinentium,
1804 2412 1919 2494 Caefu

700 2529 711 2552 .,
723 2474 792 2549 libi
808 2497 878 2570 pro
893 2477 1019 2552 alendo
1034 2483 1183 2576 proprio
1200 2487 1355 2562 exercitu
1366 2486 1400 2558 in
1418 2485 1601 2588 Hungrrir
1618 2500 1717 2595 poffit
1733 2527 1774 2580 ac
1790 2510 1918 2590 debeat

723 2568 912 2646 reservare.
959 2573 1018 2648 De
1044 2575 1323 2671 Trajestensrbur
1353 2583 1441 2656 nibil
1472 2590 1668 2685 expressum
1689 2599 1761 2689 eii,
1784 2602 1845 2680 sed
1867 2632 1920 2686 ta·

711 2687 808 2741 ,men
829 2667 891 2740 sub
916 2670 984 2745 bac
999 2675 1228 2766 generalitate
1244 2677 1282 2752 dc
1302 2701 1363 2752 eor
1385 2683 1558 2763 contineri
1575 2689 1744 2783 arbitror,
1767 2699 1920 2802 ideoque

724 2783 800 2838 non
826 2763 1007 2861 imperio,
1039 2765 1100 2842 sed
1125 2767 1251 2844 Caesari
1279 2795 1358 2848 meo
1388 2776 1521 2871 judicio
1549 2785 1919 2886 illaecoutributionct

725 2857 868 2937 cessura
888 2859 976 2936 sunt.
1025 2863 1138 2941 Porro
1162 2864 1302 2942 subfidii
1326 2891 1448 2946 contra
1472 2873 1618 2952 Gallum
1639 2905 1736 2965 cerm
1756 2892 1809 2967 est
1830 2898 1922 2978 sum.

721 2977 806 3044 ma,
829 2955 890 3032 sed
912 2959 950 3034 id
972 2963 1072 3054 quod
1102 2965 1139 3038 in
1166 2961 1305 3040 Turcas
1328 2968 1505 3065 colligitur
1531 2975 1707 3056 incertum
1729 2985 1805 3076 est,
1841 2995 1921 3075 cim

723 3053 896 3150 placuerit
923 3055 1038 3132 rursus
1064 3058 1221 3134 Statibur
1238 3081 1278 3134 ut
1302 3061 1364 3138 fiat
1391 3069 1607 3148 contributio
1637 3079 1765 3157 decimi
1785 3087 1920 3170 denarii

706 3172 917 3228 ,annuorum
938 3175 1184 3249 proventuum.
1235 3155 1347 3248 Quod
1375 3157 1653 3262 fiTrajellensee
1680 3176 1921 3267 difficultatem

719 3245 762 3323 in
788 3268 834 3321 eo
862 3247 1113 3344 allegaverint,
1137 3271 1306 3350 poterunt
1329 3280 1410 3332 cunt
1434 3259 1572 3344 Caesare
1599 3270 1643 3344 de
1668 3295 1765 3349 certa
1785 3279 1918 3364 summa

720 3341 798 3417 e‘ue
818 3344 901 3418 loco
917 3344 1054 3439 pacisci.
1105 3347 1258 3426 Videtur
1278 3372 1393 3428 autem
1414 3357 1502 3434 mihi
1519 3359 1563 3434 ad
1580 3385 1738 3460 magnam
1762 3377 1916 3472 aliquam

705 3365 889 3510 strumam
918 3438 1095 3518 ascensura
1120 3447 1364 3539 recollectio,
1387 3475 1498 3546 quum
1522 3458 1624 3534 nullis
1652 3471 1812 3564 exceptis
1844 3475 1916 3555 line

707 3529 919 3610 discrimine
947 3559 1067 3614 omnes
1092 3561 1273 3618 teneantur
1296 3565 1368 3621 tarn
1393 3548 1441 3622 de
1469 3551 1641 3648 publicis,
1664 3560 1770 3656 quim
1795 3571 1914 3666 priva.

719 3629 767 3708 tir
792 3628 1014 3712 facultatibus
1037 3635 1211 3716 conferre.
1259 3639 1309 3717 Et
1339 3641 1405 3718 scis
1435 3667 1508 3722 non
1532 3653 1696 3752 vulgares
1729 3659 1797 3739 eise
1822 3689 1912 3765 oper

702 3729 937 3822 tquarundatn
956 3729 1269 3810 Tranfisalanarum
1293 3740 1487 3816 civitatum.
1534 3745 1650 3826 Antea
1666 3759 1753 3836 verd
1773 3765 1911 3844 excusa·

711 3842 803 3902 runc
827 3824 1086 3922 Trajeiienses,
1109 3833 1207 3998 cppod
1232 3831 1323 3908 soliti
1346 3835 1453 3914 client
1467 3841 1513 3916 de
1531 3845 1658 3924 talibus
1687 3874 1910 3943 communem

692 3941 798 4000 ..1111
814 3919 1058 4000 Transtsalanis
1076 3926 1121 3998 ha
1146 3947 1204 4002 ere
1218 3929 1514 4010 deliberationem
1563 3939 1774 4029 Nonvideo
1791 3979 1908 4036 autern

703 4035 779 4094 eur
802 4037 876 4092 non
898 4018 936 4091 δι
952 4017 1087 4115 idipsis
1103 4023 1348 4117 permittatur,
1372 4031 1471 4106 certe
1495 4031 1542 4114 sic
1561 4061 1633 4116 non
1657 4043 1838 4129 habebunt
1855 4061 1909 4138 ul.

712 4109 786 4186 lam
812 4111 1058 4206 tergiversandi
1081 4117 1309 4197 occasionem.
1356 4123 1453 4203 Nam
1477 4137 1575 4228 quod
1594 4136 1716 4218 dicum
1730 4143 1786 4237 se,
1809 4153 1904 4250 post·

711 4223 818 4299 quam
834 4205 963 4284 subditi
983 4209 1060 4288 sunt
1081 4212 1217 4292 Domui
1229 4216 1466 4324 Burgundiae,
1490 4233 1638 4329 emplius
1661 4241 1707 4314 ed
1724 4265 1904 4328 1111111111

707 4303 987 4380 contributiones
1011 4331 1083 4386 non
1104 4316 1238 4399 teneti,
1262 4320 1382 4392 eadem
1405 4325 1537 4400 ratione
1561 4329 1735 4426 Saxones,
1761 4343 1904 4424 Clivffl'.

705 4393 781 4493 set,
805 4404 992 4504 ceterique
1015 4407 1179 4488 1111111111
1198 4408 1234 4490 11
1256 4431 1444 4511 poterunt,
1469 4423 1531 4520 qui
1545 4426 1593 4530 w&
1604 4427 1808 4535 Principum
1819 4441 1901 4524 sum

1820 4563 1900 4618 rum
