4840 5830
607 587 874 692 constan
901 585 1088 684 prov.
1113 565 1512 684 monianum.
1624 627 1677 714 ιι

499 835 516 876 ,·
535 831 559 871 η
582 787 747 883 Philippo
762 783 818 859 lile
837 780 885 858 du
910 779 996 878 Roy
1018 784 1062 858 de
1079 781 1236 871 France‚
1260 779 1345 858 Duc
1370 784 1414 870 de
1438 782 1678 888 Bourgogue,

486 930 512 970 n
536 888 663 962 Conrte
686 883 732 956 de
747 880 929 961 Flandres,
955 879 1134 952 d’Atthois
1151 877 1220 952 &c

532 1027 556 1064 η
583 983 680 1058 Cher
709 977 746 1050 &
776 975 871 1050 Feal.
904 973 1053 1049 Comme
1076 977 1118 1048 de
1133 975 1199 1060 ¹uie
1228 974 1279 1047 let
1300 974 1472 1052 dernietee
1499 981 1673 1059 emotioru

483 1122 506 1160 u
530 1101 684 1154 avenues
702 1094 801 1148 entre
821 1089 921 1145 notre
938 1071 1021 1144 ville
1037 1074 1081 1144 de
1139 1071 1205 1144 and
1225 1092 1345 1146 contre
1364 1071 1613 1170 Monseigneur
1635 1077 1674 1160 ὃς

483 1224 511 1270 ,,
532 1175 707 1268 beaupere
731 1171 828 1242 Louis
843 1168 880 1239 de
906 1165 1015 1238 Maelo
1041 1168 1169 1242 Comte
1194 1166 1238 1240 de
1262 1165 1430 1242 Flaudres
1458 1169 1549 1265 (que
1575 1171 1673 1250 Dieu
1816 1195 1819 1202 ’

483 1313 508 1352 n
532 1267 694 1356 absolve)
719 1288 811 1360 pour
836 1259 974 1336 reduire
990 1261 1096 1335 ladite
1114 1263 1195 1334 ville
1211 1282 1232 1333 a
1254 1259 1318 1334 son
1340 1263 1535 1342 obeilsance
1550 1265 1587 1342 &
1601 1289 1622 1344 a
1637 1258 1673 1343 la'

483 1407 509 1446 n
532 1388 652 1451 notre,
675 1365 710 1438 le
725 1357 867 1436 Conseil
888 1359 1046 1432 ordonne
1065 1381 1109 1433 en
1126 1356 1293 1432 Flandres
1310 1383 1330 1432 a
1346 1359 1404 1434 έιέ
1422 1359 1600 1458 disperse,
1620 1365 1673 1442 lea

485 1505 510 1542 n
532 1486 600 1538 uns
616 1460 751 1536 suivant
779 1475 881 1530 notre
895 1451 1088 1548 personne,
1112 1451 1149 1528 &
1168 1452 1318 1539 tl’autres
1333 1457 1456 1532 retirez
1474 1461 1563 1534 chez
1583 1483 1673 1552 eux,

483 1599 508 1638 n
535 1559 572 1633 δι
595 1559 675 1651 qu'a
699 1551 837 1650 present
869 1549 987 1642 (Dieu
1017 1548 1152 1646 merci)
1177 1550 1212 1622 la
1229 1551 1300 1627 dite
1321 1553 1403 1626 ville
1425 1557 1467 1630 de
1492 1551 1600 1630 Gand
1621 1553 1672 1632 est

482 1695 508 1732 n
531 1652 651 1728 remise
671 1671 807 1724 anotre
820 1644 1036 1730 obeissance,
1061 1668 1102 1720 ce
1125 1666 1194 1740 que
1214 1643 1320 1720 Nous
1334 1649 1491 1727 donnant
1505 1653 1538 1725 le
1558 1673 1673 1749 tempe

481 1793 506 1829 ιι
531 1749 576 1823 de
593 1750 761 1846 pourvoir
784 1768 805 1819 a
831 1747 866 1817 la
886 1741 1025 1839 justice,
1050 1741 1152 1816 Nous
1184 1763 1273 1828 vous
1295 1740 1421 1820 saisons
1446 1765 1557 1832 cette,
1579 1770 1674 1846 pour

486 1889 509 1926 η
534 1869 623 1921 νοιιι
654 1844 843 1936 erchanger
864 1842 910 1915 de
933 1836 1130 1913 raisembler
1156 1858 1235 1912 tour
1266 1861 1331 1914 nos
1356 1839 1592 1933 Conseillers,
1626 1867 1672 1920 en

482 1984 506 2022 n
530 1963 632 2018 notre
646 1939 740 2013 Ville
763 1937 808 2011 de
835 1936 946 2025 Lille,
971 1959 1065 2032 pout
1080 1933 1161 2009 illec
1184 1935 1274 2009 tenir
1299 1933 1330 2008 le
1357 1936 1497 2012 Conseil
1522 1961 1599 2014 tant
1625 1942 1671 2018 de

480 2080 506 2118 ‚,
529 2035 663 2130 Justice
689 2057 759 2130 que
786 2033 850 2106 dea
872 2031 961 2106 Corn
991 2053 1041 2108 tea
1062 2031 1106 2106 de
1133 2028 1215 2104 Nos
1239 2029 1388 2106 Comtez
1414 2033 1457 2108 du
1479 2033 1671 2126 Flanona,

483 2175 506 2213 n
532 2133 707 2216 d’Artoie,
731 2127 869 2202 Neverr
900 2125 938 2200 &
1007 2128 1123 2216 ethel‚
1156 2125 1194 2198 &
1220 2129 1265 2200 de
1296 2150 1361 2202 nos
1382 2128 1601 2226 Seigneuriet
1630 2131 1671 2210 ἃ

487 2271 512 2308 ι,
535 2229 636 2304 villes
653 2225 825 2300 tl'Anvers
845 2227 883 2300 δι
899 2222 1068 2312 Malines,
1092 2246 1120 2318 y
1143 2224 1297 2318 compris
1316 2223 1429 2310 Lille,
1452 2225 1605 2326 Douay,
1630 2231 1670 2307 δι

481 2367 509 2406 ,2
534 2323 706 2410 Orchies,
741 2341 847 2417 ayane
876 2318 994 2395 donne
1020 2321 1071 2392 lea
1098 2317 1218 2394 ordres
1240 2317 1438 2394 necessaires
1486 2346 1552 2396 out
1579 2348 1672 2408 vous

479 2463 507 2500 n
529 2419 699 2517 pourvoir
724 2417 769 2492 de
782 2417 853 2488 lieu
871 2415 1131 2490 couvenablea
1158 2413 1310 2488 Tribunus
1329 2417 1366 2488 dr
1388 2345 1515 2515 Juliicr
1552 2415 1595 2502 ἐξ
1620 2421 1672 2514 tier
1727 2427 1730 2434 ⁴

478 2559 505 2597 ι,
532 2521 689 2609 comptas,
715 2513 752 2588 &
768 2513 1046 2586 d’uuedenreure
1064 2511 1101 2588 δι
1115 2513 1214 2584 lrotel
1229 2534 1428 2605 pourvotre
1449 2515 1672 2610 particulier‚

481 2653 506 2694 n
530 2635 616 2688 avec
634 2611 781 2686 conules
809 2607 1023 2702 privileges,
1056 2605 1246 2682 franchises
1270 2605 1309 2681 δι
1332 2611 1574 2706 exemptione,
1597 2636 1670 2709 que

472 2749 504 2788 u
526 2713 562 2784 le
589 2703 730 2780 Conseil
756 2705 801 2778 de
826 2703 973 2776 Mondit
988 2701 1161 2800 Seigneur
1178 2704 1211 2776 le
1227 2701 1354 2780 Comte
1373 2705 1471 2778 Leuis
1497 2709 1535 2780 dr
1559 2708 1670 2786 Maelo

478 2845 503 2884 n
527 2803 657 2898 ajoni,
680 2821 815 2876 comme
828 2797 1058 2894 domestiquee
1074 2797 1118 2873 de
1140 2799 1279 2888 l’hotel,
1305 2801 1344 2874 &
1360 2823 1523 2896 comptez
1538 2827 1602 2900 par
1617 2799 1669 2880 lea

477 2939 504 2982 η
527 2900 701 2978 Elctoueu
719 2955 734 2994 ,
759 2895 858 2995 (25)
882 2892 979 2970 selon
988 2917 1057 2991 que
1071 2897 1123 2970 les
1138 2896 1207 2970 dita
1222 2895 1266 2968 de
1276 2893 1367 2986 Lille
1381 2893 1486 2974 Noua
1505 2923 1567 2976 ont
1584 2923 1671 3012 pro·

1560 3039 1583 3076 ι,
1608 3021 1672 3072 mre

470 3137 638 3207 Cieuulier
652 3137 755 3224 depuis
764 3132 824 3222 sur
843 3149 964 3222 pruvera
988 3131 1029 3197 rso
1058 3131 1306 3200 Gouuemement
1324 3133 1359 3201 de
1380 3133 1482 3212 Lisle,
1501 3135 1612 3222 Douuy
1631 3139 1668 3209 ὃ

474 3221 614 3297 ortiles,
635 3221 671 3290 Θ
727 3219 881 3302 rdeffusce
892 3215 1020 3302 poarrsu
1035 3215 1163 3282 morou
1178 3217 1214 3287 si
1242 3217 1352 3302 orffa,
1373 3221 1407 3284 de
1429 3218 1526 3302 igilur
1539 3222 1574 3288 de
1610 3234 1665 3290 re·

471 3307 563 3372 uniet
577 3303 665 3371 uteo
691 3317 751 3370 ent
767 3303 811 3370 dc
828 3300 1010 3377 planetes,
1031 3297 1182 3380 institutio
1239 3239 1353 3387 ripae
1364 3301 1499 3388 Philippo
1514 3303 1542 3370 lt
1586 3293 1661 3388 urdy

473 3387 546 3454 Dur
558 3387 594 3452 dr
605 3385 794 3470 Bourgogur,
811 3383 913 3450 Comrr
927 3381 1131 3460 prunam,
1152 3384 1262 3450 url’ou
1281 3386 1362 3470 mille
1378 3394 1451 3450 trois
1466 3403 1527 3452 rtur
1538 3405 1661 3472 quatre·

472 3479 566 3621 {tinge
582 3467 727 3620 &gmf'
766 3467 915 3537 Aberrat
937 3465 1180 3552 quadriennio:
1207 3469 1333 3551 tabulae
1356 3465 1575 3540 iustitutionis
1598 3471 1661 3542 ha·

498 3569 619 3723 e(n²t§1)3
640 3570 770 3784 siiwlff·
810 3630 1099 3730 Haec'voxltorstt·
1114 3632 1197 3699 Ant.
1217 3633 1421 3731 Matthaeurn
1435 3653 1520 3704 curn·
1533 3636 1658 3708 scribe·

472 3735 529 3787 ret
545 3721 587 3788 ad
602 3717 637 3785 O
651 3733 750 3784 rvern
759 3715 916 3784 Marcam
927 3715 1161 3784 Retronarrum
1176 3717 1263 3783 aulae
1279 3717 1397 3787 Caroli
1412 3721 1548 3787 audacis
1563 3721 1656 3790 Aua·

472 3803 550 3870 lest.
571 3819 656 3870 tom.
675 3821 702 3867 1.
720 3799 972 3886 p.249.edit.in
985 3817 1018 3888 4.
1034 3817 1134 3883 quarn
1152 3817 1337 3884 numquam
1354 3801 1457 3884 plene
1472 3805 1656 3873 intellexit.

472 3885 553 3954 linc
564 3902 698 3953 noun.
740 3882 823 3950 Cirta
836 3883 863 3948 le
878 3881 936 3948 Roi
968 3903 984 3948 ι
1009 3883 1054 3948 dit
1069 3883 1118 3948 des
1136 3883 1224 3948 tolles
1241 3902 1279 3947 ort
1297 3900 1373 3950 erues
1388 3882 1465 3950 delo
1479 3885 1655 3972 arpentum
1690 3897 1701 3908 '

473 3969 510 4034 ἀι
530 3969 569 4058 sn
587 3967 709 4052 maison.
750 3963 840 4032 Diu.
871 3966 916 4034 de
973 3984 1117 4033 revoux.
1159 3965 1248 4062 Huc
1267 3968 1374 4051 igitur
1397 3985 1469 4034 vox
1494 3969 1655 4055 signifieat

471 4053 594 4131 olium,
623 4049 764 4128 indicem,
794 4050 969 4132 catalogum.
1011 4049 1050 4116 ld
1078 4051 1213 4116 detexit
1241 4049 1434 4120 Matthaeus.
1475 4053 1545 4120 Sed
1568 4073 1656 4138 qno·

471 4153 568 4212 rum,
587 4133 782 4220 qualiumve
798 4133 990 4230 ellindexl
1011 4133 1050 4229 ld
1068 4149 1136 4198 nou
1158 4129 1209 4198 eli
1229 4132 1406 4200 essecutus.
1445 4133 1571 4221 Liquet
1593 4157 1654 4206 au·
1750 4131 1755 4144 '

468 4215 1212 4378 steigieffigiuhtiiicenettiimnfiouiiiruanggnffiff
1231 4214 1502 4376 fetgetNggffi,
1514 4219 1654 4399 {gog}

444 4397 649 4468 ¹natorum,
671 4381 728 4450 seu
748 4383 993 4460 servientium,
1014 4397 1072 4466 qur
1088 4381 1272 4449 censentur
1287 4379 1373 4465 quoss
1394 4381 1536 4466 domitu
1556 4385 1655 4452 Prin·

468 4465 567 4554 cipit.
607 4465 726 4539 conam
748 4464 937 4554 domestiqaes
962 4465 997 4534 dr
1020 4466 1120 4536 riurei
1145 4464 1331 4553 &compta
1352 4481 1415 4552 par
1441 4465 1483 4535 its
1504 4464 1655 4552 Estroues.

1064 4547 1095 4624 Β
1121 4568 1142 4643 3
1550 4559 1664 4647 Belgi·
