4882 5804
770 663 858 736 nro
887 627 1128 738 VIGLH
1153 644 1221 725 ΑΒ
1247 623 1512 726 ΑΥΤΤΑ
1536 623 1913 732 ZUICHEMI

767 828 841 914 diu
855 843 965 903 ortam
984 821 1189 900 liberalibus
1207 819 1335 900 eisdem
1354 841 1496 924 qunque
1528 823 1677 900 maxime
1695 827 1839 906 retineri
1860 825 1970 928 poss'e

770 926 851 1004 Scit
872 924 999 1021 idjam
1021 919 1182 998 accidiss'e
1204 921 1299 1016 quod
1318 943 1386 1018 ego
1401 921 1535 994 dudum
1558 919 1632 994 snm
1650 923 1810 1014 veritus,
1834 924 1970 1004 scilicet

771 1041 813 1099 ut
862 1018 1034 1095 atrimonii
1055 1014 1306 1094 administratio
1320 1019 1485 1093 maturius
1507 1038 1543 1090 te
1564 1017 1609 1093 ab
1636 1021 1746 1096 literis
1772 1038 1972 1100 revocarer.

773 1119 819 1194 Se
859 1139 921 1204 tu,
937 1115 985 1189 rni
998 1115 1140 1210 Jacob,
1165 1115 1227 1213 qui
1243 1137 1314 1190 non
1329 1113 1619 1190 contemnendum
1636 1115 1972 1214 indisciplinicpro·

773 1211 905 1290 nuum
932 1209 1063 1294 fecisti,
1088 1207 1136 1288 fic
1164 1233 1281 1288 tecum
1298 1212 1414 1285 animo
1433 1227 1595 1306 reputare
1612 1209 1742 1302 debeo,
1765 1215 1882 1290 literar
1899 1235 1975 1290 non

776 1309 823 1406 nd
847 1309 939 1384 solat
959 1305 1103 1382 Scholas
1129 1307 1166 1380 δι
1186 1304 1382 1404 Gymnaiia
1401 1307 1594 1402 pertinere,
1617 1304 1677 1384 sed
1696 1331 1835 1384 omnem
1852 1311 1972 1384 locum

777 1403 900 1481 studiis
918 1403 1082 1479 idoneum
1092 1399 1169 1478 effe.
1194 1401 1244 1477 Et
1263 1424 1461 1500 quanquam
1480 1424 1552 1477 non
1567 1406 1664 1479 omni
1682 1425 1840 1502 tempore
1857 1409 1973 1482 otium

780 1499 933 1578 diluendi
954 1498 1133 1666 suppetit,
1158 1499 1277 1608 lludiin
1302 1517 1418 1609 tamen
1433 1496 1569 1668 sempter
1599 1502 1731 1598 aliquid
1749 1502 1859 1579 licerit
1878 1503 1972 1578 deci·

779 1601 862 1675 dere
882 1598 976 1674 licet.
1045 1595 1121 1670 llud
1143 1596 1233 1670 verd
1259 1595 1419 1690 inprimit
1442 1592 1500 1670 sua
1546 1617 1588 1683 o,
1613 1615 1654 1672 ut
1678 1594 1761 1674 citm
1780 1597 1890 1673 latine
1918 1599 1972 1673 lo·

781 1692 914 1792 qneudi
938 1691 1139 1766 facultatem
1163 1691 1228 1765 tibi
1254 1691 1458 1786 paraverir,
1490 1712 1567 1765 eam
1599 1692 1883 1790 quandocunque
1906 1693 1975 1771 tibi
2054 1767 2062 1783 ,

779 1787 963 1868 nouorum
983 1786 1141 1863 virorum
1163 1786 1270 1881 copia
1284 1783 1352 1873 est,
1376 1782 1494 1860 sedula
1514 1789 1761 1864 exercitatione
1777 1789 1974 1866 conserver.

778 1884 922 1963 Etenim
939 1904 1012 1957 non
1028 1879 1164 1958 tantilm
1185 1885 1253 1956 bac
1272 1885 1426 1966 ratione,
1450 1904 1532 1977 quae
1554 1883 1592 1955 in
1604 1883 1714 1959 literis
1736 1883 1909 1974 didicisti,
1933 1884 1974 1966 b

782 1981 894 2057 debut
913 1979 1089 2054 memoriae
1104 1975 1313 2068 haerebunt,
1335 1976 1395 2051 sed
1411 1977 1694 2056 existimationem
1715 1980 1780 2055 tibi
1798 2003 1872 2057 non
1896 2005 1974 2059 mo-

783 2077 897 2154 dicam
913 2076 1126 2152 conciliabis.
1153 2073 1310 2169 Quando
1326 2071 1424 2148 illiue
1440 2094 1509 2149 tuae
1524 2075 1717 2171 splendidae
1730 2073 1883 2153 fortunae
1898 2079 1974 2154 nul·

778 2175 854 2250 rum
867 2173 976 2272 maius
994 2193 1234 2246 ornamentum
1248 2168 1330 2268 ipfir
1344 2171 1453 2245 literis
1468 2167 1534 2246 effe
1544 2173 1670 2269 potest.
1718 2169 1825 2270 Stylo
1838 2193 1978 2266 antem,

781 2271 855 2346 hoc
877 2269 948 2357 est,
971 2268 1087 2344 latinis
1114 2264 1303 2344 scribendis
1326 2267 1461 2356 literis,
1485 2290 1558 2342 non
1584 2267 1693 2346 modd
1722 2269 1817 2344 iilam
1834 2271 1975 2367 ‚lingon

779 2367 899 2441 lionae
921 2363 1121 2441 facultatem
1147 2361 1251 2439 facile
1271 2361 1464 2448 retinebit,
1498 2360 1558 2438 sed
1584 2367 1851 2462 locupletiorem
1868 2369 1976 2441 etiam

782 2459 921 2542 reddet.
971 2459 1210 2551 Quamobrem
1226 2461 1301 2534 noli
1318 2459 1481 2535 omittere
1497 2459 1583 2557 quin
1602 2461 1786 2556 aequalium
1808 2481 1972 2548 tuorum,

783 2579 876 2654 quos.
891 2557 951 2632 vel
966 2556 1004 2631 in
1023 2555 1142 2632 Gallia
1157 2559 1215 2632 vel
1225 2553 1326 2628 Italia
1337 2551 1483 2639 novisti,
1507 2555 1673 2628 amicitiae
1688 2552 1878 2633 scribendis
1895 2559 1973 2633 lite·

783 2649 868 2733 teris
891 2653 1012 2732 nturis.
1028 2651 1184 2730 retineat.
1232 2646 1342 2726 Haud
1358 2649 1445 2725 aliua
1461 2671 1517 2722 me
1537 2649 1678 2732 Hercle,
1689 2652 1727 2726 in
1745 2655 1812 2728 hac
1831 2655 1903 2730 vita
1919 2654 1979 2750 ip-

782 2751 1012 2842 ¹trundiorulla
1030 2769 1126 2826 exre
1143 2741 1276 2825 studius
1290 2743 1370 2837 cst„
1384 2743 1490 2842 quint
1510 2769 1555 2822 ex
1571 2742 1762 2828 absentium
1782 2750 1981 2830 amicorum·

780 2847 946 2943 epistolia.
999 2843 1230 2942 Voluptatem
1258 2841 1350 2918 verd'
1371 2864 1500 2939 augere
1533 2841 1650 2928 deber
1671 2845 1803 2919 utilitas
1818 2895 1842 2932 r
1863 2869 1974 2944 quum

781 2946 894 3036 multo
910 2941 1003 3040 stylo
1015 2941 1108 3020 uitet
1125 2937 1163 3020 dc
1179 2941 1431 3019 incrementum
1439 2989 1463 3028 ι,
1476 2933 1640 3014 nocetne.
1647 2941 1806 3036 accipiat
1854 2941 1986 3038 Ignol=

784 3062 842 3118 uer
862 3037 1021 3116 libertati
1038 3059 1126 3112 meae
1140 3036 1199 3128 qui
1217 3056 1251 3110 te
1266 3057 1426 3114 moneam
1441 3033 1654 3112 famiimiut.
1704 3036 1796 3112 Ciam
1814 3041 1906 3114 enim
1922 3041 1975 3114 ira

781 3128 1975 3325 illul‘l‘llliiillilalldzldllldlilffd

780 3327 833 3418 ,ad
851 3326 1100 3422 patrimonium
1120 3322 1423 3412 administrandum
1443 3324 1611 3411 vocarit,
1628 3345 1667 3398 ut
1679 3277 1832 3420 {liquem
1852 3323 1973 3403 saltem

785 3445 904 3501 earum
933 3417 1088 3494 frudtunu
1119 3421 1284 3493 retinerer
1299 3468 1319 3502 ,
1355 3421 1399 3493 de
1427 3421 1504 3493 illis.
1527 3438 1565 3496 te
1594 3422 1985 3501 commonefaciendum

783 3519 881 3596 duxi.
928 3516 1137 3614 Scripseram
1150 3515 1337 3609 aliqnando
1351 3517 1394 3589 ad
1417 3534 1454 3588 te
1468 3515 1513 3590 de
1532 3515 1730 3590 Civitatum·
1742 3517 1853 3593 ltaliae
1870 3521 1973 3594 statu

781 3617 840 3698 tit.
888 3611 1110 3710 Cupiodci're
1128 3610 1256 3706 ecquid
1273 3632 1342 3686 nte
1361 3607 1521 3686 effectum
1536 3605 1588 3684 iit
1639 3611 1752 3704 Quod
1769 3612 1794 3687 fi
1810 3629 1892 3691 cnm
1905 3619 1987 3691 tuin⁴

781 3711 882 3794 libris
906 3711 1042 3805 aliquid
1058 3707 1131 3804 ejus
1153 3706 1289 3803 generis
1313 3731 1357 3782 ex
1373 3705 1474 3781 Italia
1497 3709 1677 3796 attuleris,
1702 3734 1816 3808 eoque
1836 3735 1892 3786 me
1910 3713 1973 3788 inn-¹

776 3799 1452 3978 bilbilidliilllli
1466 3805 1984 3978 ‘iiii‘ffiaifflim‘il'ilff

785 3927 980 4074 {orabitur
1003 3924 1117 4070 aufem
1132 3997 1167 4068 id
1187 3923 1281 4070 agane
1295 3923 1501 4091 diiigente'r,
1526 4017 1571 4068 ne
1595 3995 1664 4072 boc
1681 3926 1980 4076 tibiubengficium

781 4110 926 4194 pereat..
965 4090 1061 4166 Bene
1081 4093 1177 4174 vale,
1203 4094 1239 4167 dt
1261 4112 1424 4187 patruum
1439 4107 1538 4172 tuum
1559 4089 1607 4166 D.
1633 4095 1805 4168 Antonium
1848 4096 1983 4174 lurimm

779 4189 1019 4270 neonomine
1034 4185 1142 4264 salute
1161 4187 1314 4289 imperti.¹
1336 4185 1470 4274 Duum
1491 4187 1615 4286 Spirae.
1640 4189 1813 4268 Calendia
1871 4190 1976 4270 artiin

780 4305 883 4372 utro·
899 4287 1015 4385 und.

1857 4581 1984 4666 unta
