4882 5804
737 592 1858 789 tatvieuunarrrnzurbunntr

734 871 785 945 ob
805 870 842 944 id
857 867 1061 964 displimnt,
1086 871 1183 964 quod
1209 870 1253 942 ad
1278 867 1517 952 scholasticam
1544 872 1696 956 docendi
1722 870 1941 951 consuetudi·

741 992 822 1043 nem
839 968 980 1040 nimium
997 987 1051 1040 me
1067 966 1327 1056 adstrinxerim,
1353 967 1592 1066 veritmquod
1605 971 1684 1043 aliis
1703 973 1852 1066 negotiis
1878 973 1939 1045 im·

740 1064 882 1162 peditus
904 1083 977 1136 rem
998 1063 1139 1158 publice
1163 1066 1346 1156 legendam
1377 1067 1489 1138 multo
1514 1085 1609 1150 certe
1634 1089 1677 1138 ne
1701 1066 1866 1166 ligentiue
1898 1090 1939 1141 ac

742 1161 887 1234 decebat
904 1155 1134 1232 reflaverim.
1182 1159 1280 1250 Quia
1299 1177 1378 1234 'cum
1398 1179 1434 1234 te
1452 1086 1725 1236 animadvertiffe
1745 1184 1816 1235 non
1836 1161 1940 1237 dubi-

742 1265 835 1342 tem,
861 1251 899 1327 &
923 1275 1040 1328 tamen
1062 1256 1219 1344 laborem
1243 1257 1396 1330 nostrum
1414 1277 1596 1354 tantopere
1614 1260 1781 1350 extollas,
1806 1262 1940 1354 quade

746 1351 846 1429 causa
870 1353 937 1424 alia
951 1351 989 1424 id
1006 1372 1039 1424 te
1054 1350 1179 1426 'facere
1199 1353 1370 1452 judicem,
1395 1352 1500 1448 quim
1528 1374 1568 1426 ut
1589 1355 1625 1427 id
1648 1355 1745 1448 quud
1767 1356 1840 1450 agis
1869 1347 1943 1436 effiss

744 1452 836 1536 tias,
861 1448 932 1522 hoc
951 1446 999 1520 est
1025 1468 1064 1522 ut
1091 1471 1262 1534 amorem,
1288 1469 1389 1542 quern
1421 1473 1466 1522 ex
1490 1470 1550 1523 tua
1565 1469 1676 1545 ¹parte
1701 1449 1787 1523 mibi
1814 1446 1941 1538 offers,

740 1547 932 1640 gratiorem
956 1544 1040 1618 mibi
1064 1542 1198 1624 facias?
1223 1545 1305 1640 Ego
1327 1547 1415 1620 verd
1443 1565 1638 1620 tantorum
1662 1547 1820 1630 amicitie
1845 1549 1943 1642 cupi·

746 1643 824 1719 dior
841 1639 894 1712 fui
903 1693 915 1729 ,
927 1661 1059 1734 quanto
1073 1660 1108 1713 te
1125 1639 1258 1736 semper
1273 1641 1385 1736 pluris
1401 1640 1480 1715 leci.
1517 1640 1573 1714 Ac
1584 1641 1684 1738 prior
1703 1643 1807 1722 etiam
1822 1645 1943 1718 eadem

746 1737 791 1811 de
805 1733 960 1810 causaad
976 1757 1011 1810 te
1031 1731 1167 1832 sciipst,
1192 1759 1390 1833 quanquam
1406 1759 1478 1812 tuae
1499 1737 1611 1812 literae
1633 1739 1763 1810 nullam
1791 1760 1945 1813 mearum

678 1855 680 1865 ’
746 1835 956 1906 mentionem
989 1830 1147 1918 faciant,
1179 1855 1220 1906 ut
1250 1853 1310 1905 aut
1342 1829 1559 1907 intercediffe
1585 1855 1645 1910 eas
1684 1831 1944 1910 tabellariorum

747 1929 915 2026 perfidia,
939 1948 997 2002 aut
1025 1925 1130 2002 setius
1153 1927 1303 2003 redditas
1331 1925 1399 2002 ,eise
1429 1927 1585 2002 credam
1628 1925 1721 2000 Nam
1746 1930 1843 2024 quod
1863 1931 1945 2004 ideo

749 2025 952 2100 subticueris
961 2051 977 2113 ,·
1002 2043 1044 2098 ut
1068 2022 1210 2098 videare
1242 2023 1343 2099 nobis
1364 2027 1402 2097 in
1426 2025 1497 2099 hoc
1519 2023 1749 2100 conciliandae
1782 2027 1943 2100 amicitiae

750 2121 870 2195 officio
900 2119 1137 2217 praevettlse,
1163 2142 1362 2216 quanquam
1390 2120 1441 2194 est
1465 2121 1524 2194 ille
1555 2143 1626 2194 non
1653 2121 1797 2194 omnino
1834 2125 1946 2194 malus

751 2221 875 2301 dolus,
899 2237 1012 2289 tamen
1042 2238 1109 2310 ego
1139 2218 1241 2290 dete
1277 2215 1316 2289 id
1347 2215 1512 2312 suspicati
1537 2239 1610 2289 non
1638 2214 1783 2314 pulsum.
1834 2217 1947 2312 Quod

751 2315 841 2388 verd
861 2315 903 2384 in
920 2330 991 2384 tuat
1006 2308 1155 2384 fortunae
1173 2313 1390 2409 cumprimis
1407 2315 1509 2388 lautae
1530 2312 1727 2387 societatem
1751 2334 1807 2384 me
1822 2335 1948 2400 vocas,

752 2408 791 2486 id
806 2407 917 2504 reipsa
930 2406 1071 2503 quidem
1089 2430 1194 2503 quarn
1218 2429 1382 2505 magnum
1402 2405 1443 2480 lit
1461 2431 1568 2504 atque
1599 2411 1701 2482 etiam
1717 2430 1850 2496 rarum,
1873 2433 1945 2483 non

752 2507 943 2600 equidemi
970 2525 1068 2576 noro.
1120 2502 1191 2578 Sed
1207 2506 1243 2577 id
1269 2507 1380 2576 multo
1402 2505 1512 2597 pluris
1535 2502 1649 2589 facio,
1675 2501 1770 2596 quod
1795 2505 1832 2574 in
1859 2503 1948 2587 inte·

753 2603 882 2674 riorern
899 2525 1049 2696 ,regions
1069 2617 1205 2692 partem
1230 2621 1285 2670 me
1316 2600 1498 2694 recipere,
1534 2595 1870 2694 pretiofillimamque
1895 2596 1950 2671 su·

755 2696 937 2793 pelleelilis
958 2713 1030 2767 tuae
1053 2713 1208 2790 partem,
1238 2695 1309 2766 hoc
1330 2695 1381 2768 est
1402 2693 1533 2788 ingenii
1559 2693 1610 2770 tui
1633 2691 1799 2788 praeclara
1826 2715 1948 2766 monu-

755 2813 901 2876 menta,
935 2788 1192 2864 communicare
1229 2789 1329 2862 nobis
1368 2811 1440 2862 non
1479 2787 1682 2882 dedignere.
1734 2786 1948 2884 Quanquam

756 2889 996 2964 conditionem
1023 2881 1200 2980 adjecisti,
1223 2882 1249 2957 st
1273 2881 1536 2981 ego-isagogitos
1559 2883 1669 2957 libros
1691 2885 1734 2955 ad
1751 2905 1786 2958 te
1805 2886 1950 2972 misero,

757 2984 943 3079 dequibus
967 3003 1078 3078 nuper
1106 2979 1279 3076 copiofius
1305 3003 1362 3053 me
1387 2977 1628 3074 responsurum
1659 2977 1732 3054 sum
1758 2981 1951 3076 pollicitus.

757 3076 928 3154 ‘Praetavi
944 3079 1086 3171 quidem
1104 3079 1188 3150 olim
1210 3081 1246 3149 in
1265 3073 1384 3149 Gallia
1411 3077 1482 3150 hoc
1507 3097 1747 3169 argumentum
1777 3074 1951 3151 succisivis

756 3178 874 3259 lrorie,
901 3175 1079 3269 quomodo
1096 3173 1261 3247 videlicet
1275 3170 1537 3265 Jureconsultur
1553 3171 1681 3244 institui
1706 3171 1864 3245 deberet.
1903 3171 1954 3248 Et

758 3269 834 3368 ipse
852 3293 924 3344 tum
943 3269 1106 3364 privatim
1136 3267 1367 3344 adolescentes
1393 3268 1527 3362 aliquot
1550 3269 1586 3338 in
1609 3264 1691 3358 Jure
1714 3267 1951 3358 instituebam,

758 3365 852 3441 unde
860 3360 1261 3454 occasionemwsctibendi
1278 3360 1669 3457 capiebam,tribusque
1686 3362 1784 3436 libris
1803 3363 1953 3439 delinea-

662 3503 668 3514 ·
759 3485 835 3536 ram
859 3461 1011 3553 aliquam
1024 3457 1223 3532 instituendi
1247 3457 1416 3543 formam,
1441 3457 1562 3532 rudem
1592 3457 1733 3551 quidem
1758 3461 1796 3533 dt
1825 3461 1954 3557 imper·

759 3555 908 3641 fediam,
933 3577 976 3627 eo
994 3551 1137 3632 confillo
1156 3573 1197 3626 ut
1212 3575 1294 3625 curn
1311 3573 1470 3646 tempore
1493 3552 1679 3627 accedente
1701 3555 1857 3651 jndicio,
1881 3579 1954 3653 quo

760 3653 908 3728 maxime
930 3675 970 3723 ea
984 3653 1020 3722 in
1035 3672 1072 3723 re
1089 3672 1191 3744 opus
1209 3645 1276 3722 elle
1295 3649 1478 3732 videbam,
1504 3649 1735 3745 corrigerem,
1761 3671 1953 3738 mutarem,

759 3747 947 3836 adderem,
973 3767 1050 3844 quae
1073 3747 1278 3840 posteriores
1300 3746 1420 3818 darent
1430 3745 1670 3838 cogitationes.
1720 3743 1797 3822 Ubi
1819 3747 1901 3821 veni
1918 3750 1954 3820 in

760 3847 916 3931 Italiam,
941 3843 1211 3938 atque-omnino
1231 3840 1326 3914 aliud
1345 3839 1496 3913 docendi
1521 3861 1631 3935 genus
1649 3841 1693 3915 ab
1719 3843 1782 3916 illo
1810 3841 1955 3916 Gallico

762 3939 832 4018 effe
858 3937 1066 4022 observavi,
1090 3937 1255 4031 variaque
1292 3938 1479 4010 multotum
1508 3934 1690 4011 doliorum
1721 3939 1851 4035 judicia
1880 3937 1953 4012 sum

762 4034 1018 4134 perscrutatus,
1050 4033 1100 4107 ita
1134 4031 1178 4106 de
1200 4031 1361 4107 omnibus
1385 4055 1474 4128 pene
1500 4033 1633 4107 mutavi
1665 4031 1889 4122 sententiam,
1914 4055 1956 4108 ut

763 4153 882 4206 totum
909 4151 998 4224 oput
1023 4129 1118 4201 mibi·
1134 4129 1360 4204 retexendum
1393 4128 1568 4202 ducerem.
1618 4129 1673 4203 Ac
1706 4147 1791 4214 tunc
1814 4152 1956 4224 quoque

765 4227 877 4302 visum
891 4225 976 4298 mibi
989 4226 1060 4311 est,
1084 4225 1165 4319 quae
1191 4241 1290 4298 antea
1317 4225 1480 4298 continue
1503 4225 1669 4298 orationis
1692 4221 1778 4296 serie
1802 4245 1953 4319 expone·

764 4319 871 4410 bain,
891 4324 928 4393 in
951 4317 1161 4415 dialogismum
1186 4341 1410 4398 commutare.
1458 4317 1545 4394 Non
1564 4323 1671 4394 modo
1699 4319 1865 4415 quoniam
1886 4321 1957 4396 hoc

767 4415 881 4492 aufert
900 4419 1039 4491 taedium
1054 4413 1194 4501 lediori,
1217 4415 1339 4492 verbm
1364 4417 1527 4515 quoniam
1543 4415 1590 4492 lic
1604 4415 1823 4494 commodius
1841 4415 1958 4491 diver·

764 4511 946 4594 &eadem
970 4515 1019 4589 de
1032 4535 1080 4590 -re
1097 4507 1282 4592 rientemiae
1302 4529 1555 4616 proponuntur
1561 4563 1575 4606 ‚
1606 4511 1651 4588 de
1676 4512 1803 4612 quibus
1820 4509 1959 4684 icelii&
