4882 5804
679 525 1029 653 142VIGL11
1065 545 1131 619 na
1158 515 1418 620 AYTTA
1450 515 1815 616 ZUICHEMI
1944 631 1947 638 ,

673 721 766 790 eor,
788 700 852 797 qui
879 701 1058 776 literarum
1074 697 1246 772 bonarum
1259 691 1449 783 studiosos,
1472 696 1657 796 imperitia
1671 701 1708 776 in
1732 699 1870 800 legibus

682 797 898 882 insimulant,
916 796 1168 893 vulgatumque
1189 791 1290 866 nobis
1318 790 1544 868 Grammatici
1562 797 1755 872 convitium
1781 799 1870 895 obii·

679 895 791 972 ciunt.
842 891 987 967 Graecas
1017 890 1254 966 Institutiones
1277 887 1372 980 Juris
1396 886 1520 964 Civilis
1544 893 1734 987 iheronymo
1757 898 1870 969 Frobe·

682 994 734 1064 nir
753 985 826 1062 mili
847 990 1078 1065 excudendas.
1127 981 1298 1058 Praesatus
1316 981 1388 1058 surn
1401 985 1437 1056 in
1456 1007 1513 1060 cas
1539 987 1646 1079 pauld
1679 991 1866 1082 prolixius,

630 1083 641 1096 '
684 1081 757 1182 quo
774 1081 941 1158 studiosos
960 1085 1004 1156 ad
1019 1080 1212 1176 indaganda
1242 1077 1449 1154 Graecorum
1473 1085 1716 1155 commentaria
1741 1089 1869 1160 excita·

523 1265 529 1274 ‚
685 1203 776 1254 rem:
803 1178 1005 1270 &futurum
1024 1175 1159 1251 facilius
1178 1175 1300 1272 spero,
1325 1195 1363 1248 ut
1383 1173 1408 1247 sr
1429 1177 1552 1250 nostra
1568 1173 1669 1250 udae
1686 1181 1865 1270 homines,

684 1279 816 1370 linguae
833 1295 956 1370 graecae
980 1295 1122 1368 operam
1142 1276 1225 1345 dare
1250 1270 1436 1366 coeperint,
1461 1275 1601 1346 latinam
1629 1296 1770 1370 quoque
1795 1277 1872 1350 dili-

597 1372 602 1380 '
684 1371 823 1468 gentius
849 1375 1020 1444 excolant.
1067 1369 1136 1441 Ad.
1150 1367 1415 1464 comparandam
1440 1388 1553 1441 autem
1577 1371 1678 1535 operi
1701 1373 1782 1446 huic
1810 1395 1868 1448 au·

684 1467 915 1552 thoritatem,
940 1466 979 1539 dt
1002 1461 1084 1538 aliae
1108 1463 1272 1558 quasdam
1296 1462 1343 1535 ob
1373 1459 1508 1550 causas,
1532 1462 1590 1538 sua
1616 1483 1693 1539 ente
1711 1467 1871 1562 jubente·

654 1579 658 1586 ·
685 1584 755 1658 que
778 1561 1049 1645 Martialium,
1073 1559 1367 1653 procancellario,
1401 1557 1531 1632 Caesari
1558 1564 1770 1657 nuncupavi.
1821 1565 1872 1642 Et

683 1679 726 1730 ut
746 1656 832 1730 mihi
848 1658 918 1730 hoc
938 1657 1031 1730 bona
1052 1655 1161 1727 Rembt'
1184 1653 1287 1728 venia
1313 1655 1451 1740 liceret,
1477 1651 1714 1750 prefationem
1734 1657 1796 1752 ipsr
1815 1681 1869 1734 ert·

683 1753 803 1840 hibui,
827 1754 864 1826 in
884 1775 952 1846 qua
967 1771 1029 1847 pro
1047 1767 1146 1822 tanto
1166 1769 1310 1822 munde
1326 1747 1551 1826 honorificam
1570 1755 1642 1845 ejus
1660 1755 1870 1830 mentionem

683 1846 821 1924 inserui.
872 1846 954 1941 Qua
969 1847 1156 1940 etiamen
1180 1849 1289 1937 nupsi
1317 1843 1618 1919 emendatissimum
1634 1849 1871 1942 plenilsrmum·

685 1967 755 2040 que
770 1947 947 2039 exemplar
961 1941 1005 2014 ab
1019 1964 1063 2016 eo
1077 1942 1280 2038 impetravi:
1306 1963 1454 2036 quarum
1472 1941 1588 2014 aditio
1599 1965 1719 2015 revera
1732 1943 1872 2020 Nuren·

684 2039 802 2136 bergae
817 2036 866 2113 est
895 2036 1122 2134 praecipitata.
1171 2035 1284 2132 Spero
1303 2058 1358 2108 me
1380 2034 1482 2108 bortis
1501 2035 1660 2132 auspiciis
1684 2037 1873 2118 Institutio·

685 2159 769 2208 num
792 2155 901 2229 opus,
930 2133 1001 2228 jam
1027 2134 1110 2204 olim
1133 2131 1177 2203 ab
1205 2127 1360 2204 studiolis
1385 2126 1631 2215 desideratum,
1665 2131 1869 2212 emiffurttm.

634 2231 643 2248 '
685 2226 782 2306 Natu
805 2251 864 2304 tua
882 2229 1138 2302 commendatio
1159 2227 1254 2320 jam,
1279 2245 1320 2298 ut
1347 2224 1484 2312 sentio,
1509 2225 1783 2322 expedictionem
1811 2236 1871 2308 ali·

686 2349 790 2422 quam
806 2327 850 2399 de
874 2349 928 2398 me
956 2321 1040 2397 lecit
1055 2323 1146 2411 ,cui
1171 2319 1233 2396 etli
1259 2344 1329 2402 non
1354 2325 1468 2416 primo
1490 2322 1601 2396 statim
1626 2323 1732 2414 foetu,
1757 2352 1870 2423 eoque

632 2469 634 2476 ·
685 2425 799 2497 alieno
814 2418 1029 2494 satisfecero:
1054 2441 1169 2492 tamen
1193 2441 1265 2515 quo
1288 2419 1475 2512 aliquando
1500 2419 1544 2490 de
1567 2441 1645 2493 meo
1673 2442 1766 2515 penu
1797 2446 1869 2497 non

682 2518 828 2594 omnino
843 2517 911 2590 tuis
930 2515 973 2590 de
996 2537 1052 2588 me
1076 2515 1260 2610 praeconils
1275 2511 1419 2611 indigna
1433 2514 1637 2607 depromere
1653 2515 1738 2587 mihi
1747 2519 1873 2608 liceat,

683 2635 753 2711 pro
777 2613 910 2688 vitibus
933 2609 1097 2684 conabor.
1148 2607 1280 2682 Vertim
1307 2631 1399 2680 nunc
1430 2607 1672 2704 aliquantisper
1695 2611 1870 2704 Aristotelis

683 2709 802 2783 adbuc
825 2705 947 2801 sequar
971 2704 1170 2789 confilium,
1205 2705 1266 2798 qui
1298 2706 1412 2775 virum
1447 2726 1595 2797 egenum
1618 2703 1738 2778 suadet
1761 2713 1869 2804 magis

683 2803 848 2888 divitias,
864 2801 967 2897 quim
983 2797 1244 2893 Philosophiam
1259 2797 1390 2872 sectari.
1438 2801 1487 2872 At'
1501 2795 1561 2872 ubi
1574 2801 1781 2882 mediocrem
1801 2804 1870 2880 sor·

683 2921 802 2974 tunam
810 2949 823 2986 ,
835 2921 938 2992 atque
955 2921 1028 2970 earn
1046 2917 1127 2988 quae
1143 2893 1331 2966 studiomm
1346 2894 1454 2988 quieti
1466 2894 1694 2989 &impendiis
1708 2898 1869 2989 sufficiat,

648 3011 650 3015 ’
680 3017 880 3093 peperero,
908 2991 1093 3066 intermissa
1116 2992 1258 3064 omnino
1281 2987 1391 3062 studia
1419 3011 1579 3084 repetere
1604 2990 1750 3068 decrevi.
1799 2995 1872 3068 Ex-

682 3114 816 3188 ponam
832 3107 944 3163 autem
961 3087 1025 3160 tibi
1038 3087 1187 3185 apertius
1208 3084 1385 3160 confilium
1402 3108 1535 3170 meum,
1559 3087 1654 3180 quod
1673 3109 1707 3160 te
1724 3087 1761 3160 dt
1778 3095 1870 3168 velle

681 3189 723 3264 dt
741 3182 838 3284 poss'e
860 3207 930 3258 nun
951 3184 1076 3258 leviter
1100 3203 1339 3276 promovere,
1369 3179 1451 3255 scio.
1501 3179 1632 3256 Habeo
1658 3205 1802 3280 magnos
1829 3187 1868 3262 dt

573 3349 577 3358 .
681 3299 847 3379 potentes
882 3301 1024 3352 atronos
1039 3277 1284 3351 inGermania.
1307 3273 1360 3348 Hi
1375 3299 1495 3351 omnes
1505 3274 1717 3366 suadent,ut
1727 3281 1815 3356 meS
1843 3287 1869 3357 i·

682 3399 757 3452 ram
773 3397 842 3448 oon
858 3397 977 3456 eram,
994 3376 1268 3471 promittuntque
1284 3393 1343 3460 ut,
1367 3395 1446 3445 cum
1465 3373 1533 3448 illic
1543 3373 1754 3467 aliquamdiu
1772 3307 1868 3452 hadi-

681 3490 824 3554 tavero‚
850 3467 990 3542 honesta
1013 3473 1128 3565 aliqua
1147 3467 1307 3543 conditio
1330 3466 1515 3539 deferatur.
1564 3467 1613 3538 Et
1631 3473 1675 3543 ad
1695 3496 1769 3546 eam
1796 3498 1867 3548 rern
2016 3517 2019 3526 .

679 3569 873 3666 adjutorem
889 3587 1029 3660 quoque
1044 3563 1079 3638 se
1096 3565 1191 3659 apud
1206 3561 1376 3635 Caesarem
1400 3562 1485 3632 mihi
1508 3559 1662 3658 suturam
1712 3571 1760 3654 D.
1788 3571 1867 3642 Ma.

681 3666 765 3739 altas
779 3663 957 3759 pollicitus
980 3661 1036 3733 ert
1053 3659 1199 3732 Talibus
1218 3659 1357 3752 quidem
1372 3657 1573 3730 authoribus
1602 3659 1757 3736 lubenter
1771 3665 1868 3742 obse·

682 3781 782 3856 quet.
829 3757 952 3852 Itaque
963 3754 1026 3827 sub
1042 3756 1200 3848 hyemem
1212 3755 1360 3847 patriam
1375 3749 1522 3826 revisere
1541 3755 1701 3846 decrevi,
1726 3761 1797 3835 illic
1812 3785 1866 3835 me

679 3857 817 3930 viatico
832 3853 1106 3928 communitatus
1116 3899 1127 3933 ,
1139 3870 1179 3922 ut
1193 3847 1307 3943 Spirae
1317 3869 1373 3922 me
1386 3845 1591 3936 sustentem,
1605 3855 1719 3947 quoad
1733 3854 1866 3934 occatio

678 3950 879 4044 exequendi
894 3943 1042 4040 promissi
1055 3946 1209 4040 patronis
1226 3941 1342 4026 oblata
1359 3942 1473 4016 fuerit.
1523 3943 1603 4020 Nec
1620 3972 1660 4022 ea
1679 3973 1776 4025 mora
1814 3977 1866 4029 ra-

680 4049 737 4121 vis
760 4043 847 4115 mihi
870 4043 954 4128 erit,
979 4061 1050 4135 quo
1074 4038 1208 4121 interea⁴
1228 4041 1354 4134 ungue
1380 4035 1418 4112 δι
1437 4036 1580 4113 sorensis
1603 4041 1746 4122 astionis
1769 3977 1865 4120 usum
2011 4045 2019 4062 ⁰

677 4141 830 4236 aliquem
854 4157 1082 4234 comparem,
1107 4130 1145 4208 dt
1171 4135 1208 4208 in
1231 4135 1480 4208 advocatorum
1503 4133 1670 4210 subselliis
1695 4143 1792 4234 prius
1817 4142 1862 4214 se·

511 4319 517 4326 ,
674 4237 796 4319 deam,
820 4233 1010 4328 legitimum
1027 4230 1137 4326 magis
1152 4231 1295 4324 gradum
1311 4231 1413 4317 inde,
1424 4227 1507 4306 Deo
1520 4234 1679 4318 volente,
1705 4237 1748 4306 ad
1766 4236 1865 4308 altio

648 4351 651 4358 ·
674 4353 714 4414 ta
734 4327 900 4410 sessurus.
948 4324 1051 4410 Unus
1072 4326 1161 4406 mibi
1180 4323 1365 4426 scopatur
1382 4327 1451 4438 cll,
1475 4349 1579 4425 quem
1594 4324 1631 4404 st,
1646 4329 1769 4406 tollere
1781 4351 1862 4425 pot·

1776 4449 1836 4502 ero
1845 4475 1861 4516 ,
