4882 5804
680 563 1028 702 204VIGL11
1061 597 1129 668 nu
1160 568 1429 669 AYTTA'
1458 563 1828 674 ZUICHEMI

684 752 837 854 clapsum
865 751 907 830 iit
933 774 1103 852 tempor,
1133 754 1231 852 quod
1261 755 1438 831 literatum
1464 754 1558 830 nulla
1577 755 1670 830 inter
1696 779 1761 830 not
1784 755 1898 832 fuerit·

683 849 892 928 viciffitudo.
942 851 1054 956 ijus
1081 853 1243 950 equidem
1277 853 1385 949 culpa
1411 852 1455 926 ad
1477 875 1534 926 me
1550 855 1697 950 propios
1721 857 1901 952 pertinet,

688 951 786 1046 quod
814 972 882 1046 ego
907 948 1049 1024 incertis
1076 949 1281 1025 constitutus
1311 949 1539 1044 regionibus,
1562 949 1727 1024 britenus
1747 948 1900 1034 fuerim,

665 1049 732 1121 'tu
753 1047 843 1122 verti
865 1046 993 1121 celebri
1019 1065 1268 1142 oportunoque
1290 1043 1498 1120 destinandis
1525 1047 1633 1120 literis
1659 1049 1741 1121 loco
1764 1067 1901 1120 moram

691 1145 820 1217 trabas.
853 1140 1012 1226 Verium,
1037 1145 1085 1216 tui
1100 1144 1250 1230 conoe,
1273 1141 1334 1214 illa
1358 1143 1445 1216 mihi
1459 1164 1530 1216 non
1546 1143 1688 1216 minima
1708 1145 1812 1239 hujus
1830 1140 1901 1217 sci·

692 1238 778 1314 iicet
802 1235 929 1316 silentii
951 1237 1053 1312 causa
1081 1236 1182 1324 suit,
1209 1237 1307 1335 qudd
1331 1235 1411 1312 cirtn
1435 1237 1641 1336 periculosae
1665 1261 1792 1313 memet
1817 1259 1904 1332 pro·

692 1337 822 1508 {³33³ae
836 1332 1369 1529 abstinuistis
1389 1333 1906 1508 insidiosis&

696 1481 954 1603 considerabam
967 1577 985 1614 ,
1006 1528 1044 1604 δι
1068 1524 1245 1624 sperabam
1260 1481 1467 1603 faeliciorem
1481 1526 1516 1603 se
1578 1551 1617 1602 er
1634 1529 1707 1624 ejus
1720 1523 1910 1604 successum

700 1625 924 1719 exitumque,
948 1625 1022 1719 qud
1038 1625 1121 1698 inde
1139 1625 1251 1698 minus
1274 1627 1491 1720 reprobaret.
1575 1621 1672 1699 eritm
1688 1626 1829 1722 quando
1845 1647 1910 1698 ve-

699 1739 759 1796 tut
780 1717 1008 1816 proverbium
1035 1722 1136 1808 uult,
1173 1720 1280 1795 etiam
1305 1741 1486 1818 tempore,
1511 1722 1548 1797 δι
1573 1719 1709 1796 siitntio
1732 1717 1914 1816 proscribi

703 1817 885 1899 amicitiae,
909 1817 1003 1890 malo
1022 1813 1210 1890 institutum
1231 1841 1345 1892 meum
1365 1836 1437 1892 ate
1464 1817 1686 1915 repraehendi
1704 1817 1808 1915 quim
1824 1817 1914 1890 ami·

702 1915 841 2004 titiam,
870 1911 927 1981 ded
941 1909 993 1992 riv
1013 1910 1230 2010 &retamim
1258 1912 1459 2009 periclitati
1510 1910 1724 2011 Quanquam
1739 1911 1917 1998 arbitror,

703 2008 732 2087 fi
748 2011 890 2106 quando
905 2011 979 2085 illic
992 2005 1060 2084 suit
1073 2015 1225 2108 Georgius·
1238 2011 1468 2098 Humanitas,
1484 2012 1542 2086 vir
1559 2013 1676 2086 multia
1694 2010 1808 2084 modio
1822 2031 1917 2106 prae·

707 2105 947 2196 stantisiimus,
962 2105 1134 2204 nostrique
1151 2106 1395 2195 anticiffimus,
1412 2109 1456 2182 ab
1467 2109 1529 2183 isso
1547 2127 1582 2182 te
1592 2156 1610 2193 ,
1629 2131 1710 2204 quae
1723 2129 1798 2180 mea
1816 2127 1920 2181 nunc

707 2201 752 2280 fit
765 2203 921 2279 conditio
938 2203 976 2279 δι
994 2201 1154 2290 fortuna,
1167 2198 1392 2292 intellexisse,
1416 2205 1497 2278 ciam
1523 2203 1733 2280 creberrime
1752 2199 1921 2299 copiosts·

709 2296 861 2396 funeque
879 2299 923 2373 ad
949 2300 1048 2372 illum
1069 2298 1274 2398 scripserim.
1334 2301 1415 2398 Ego
1436 2321 1556 2376 autern.
1578 2302 1655 2393 cuti
1677 2299 1767 2397 scis)
1789 2303 1827 2376 id
1849 2301 1918 2373 diu

712 2395 825 2471 habui
844 2394 1038 2494 propostti,
1071 2418 1112 2473 ot
1136 2419 1192 2470 me
1216 2399 1261 2472 ad
1284 2395 1400 2472 forum
1424 2399 1565 2494 aliquod
1593 2396 1839 2483 transferrem,
1871 2419 1921 2470 ac

714 2491 806 2588 thit
823 2493 1012 2590 qualiquali
1030 2491 1182 2568 scientiae
1196 2493 1330 2591 praxim
1352 2493 1589 2590 adjungerem.
1624 2491 1735 2586 Quod
1754 2489 1924 2585 equidem

715 2608 758 2662 ut
770 2589 858 2662 mihi
871 2590 1017 2686 propius
1036 2590 1137 2666 vobit
1153 2591 1369 2686 contingeret
1381 2607 1538 2684 optatam
1547 2641 1561 2682 ‚
1584 2586 1740 2664 stdvoto
1755 2589 1826 2661 iiiic
1837 2609 1928 2662 meo

717 2707 794 2761 non
814 2682 1056 2773 succedente,
1086 2684 1165 2760 cittn
1202 2683 1501 2762 communicassem
1533 2683 1713 2760 confilium
1757 2683 1929 2758 Coloniae

717 2805 800 2856 eum
818 2783 974 2880 quodam.
995 2803 1222 2859 conterraneo
1252 2804 1352 2868 meo,
1375 2779 1534 2857 Doiiote
1561 2781 1688 2877 Joonne
1712 2804 1733 2852 a
1758 2782 1929 2864 Dorium,

721 2881 804 2953 tiro
820 2879 919 3046 pravi
934 2881 971 2953 δι
996 2880 1181 2974 prudenti,
1206 2879 1338 2976 quique
1368 2881 1485 2953 multis
1512 2880 1612 2953 annis
1635 2875 1821 2952 Asseffono
1848 2901 1922 2950 mu·

722 2997 807 3053 nete
840 2973 961 3049 unsius
976 2971 1061 3050 suit:
1087 2973 1273 3049 nondestit
1288 2976 1387 3050 iamt
1409 2977 1605 3066 cohortari,
1629 2995 1669 3046 ut
1684 2999 1808 3047 munus
1824 2975 1929 3068 quod

722 3092 810 3162 tunc
820 3069 1001 3158 tambac,
1022 3073 1058 3148 &
1078 3075 1135 3146 cui
1151 3071 1223 3169 ipse
1242 3071 1347 3168 juiius
1364 3093 1436 3147 erat
1449 3073 1613 3146 idoneum
1630 3072 1675 3145 ali
1703 3095 1782 3144 uem
1796 3072 1929 3165 delige·

726 3190 790 3255 re,
810 3165 1014 3265 susciperem
1031 3191 1045 3242 r
1063 3169 1098 3242 id
1119 3193 1191 3244 erat
1211 3193 1252 3243 ut
1275 3166 1444 3242 officialis
1467 3167 1583 3242 fierem
1607 3095 1776 3264 Episcopi
1799 3168 1934 3242 Mona·

728 3263 912 3339 sterienfi's.
961 3263 1133 3340 Nondum
1158 3285 1321 3360 eruperat
1337 3266 1407 3340 hoc
1426 3261 1722 3362 Anabaptisticum
1738 3266 1861 3358 ulcus,
1888 3265 1936 3339 dt

729 3361 955 3436 honorarium
971 3384 1041 3435 non
1059 3379 1132 3435 erat
1147 3364 1347 3448 minimum,
1370 3359 1511 3435 oceasto
1530 3361 1666 3448 amia,
1687 3382 1728 3434 ut
1753 3363 1848 3455 quod
1869 3384 1930 3434 cu·

632 3533 637 3540 ,
730 3457 871 3554 piebem
882 3457 924 3530 in
933 3455 1011 3534 soto
1022 3479 1148 3530 memet
1163 3480 1324 3533 exercere
1333 3460 1556 3552 commodep
1607 3455 1792 3531 eviderer.
1817 3453 1933 3531 Haud

734 3555 847 3629 multo
870 3551 1052 3652 postquam
1068 3555 1106 3628 in
1125 3553 1160 3627 id
1177 3575 1301 3626 munus
1318 3549 1491 3639 consensi,
1515 3554 1598 3626 dum
1620 3552 1735 3628 adhuc
1753 3551 1846 3650 apud
1869 3575 1936 3650 pa*

737 3671 860 3728 tentet,
874 3673 970 3747 ago,
986 3652 1146 3726 oboritur
1158 3649 1363 3724 Monasterii
1378 3651 1546 3724 turnultus
1564 3649 1622 3722 ille
1634 3647 1777 3734 fatalis,
1792 3651 1942 3746 inquo,

738 3744 874 3822 exadiie
886 3748 1048 3821 omnibus
1063 3747 1165 3819 bonit
1189 3744 1324 3819 civibus
1344 3768 1407 3842 per
1423 3745 1663 3840 Anabaptistas
1682 3745 1766 3821 urbs
1785 3768 1939 3840 occupa·

738 3861 824 3931 atr,
843 3845 941 3939 cujus
960 3845 1011 3918 tei
1025 3842 1151 3918 sarnam
1167 3841 1322 3918 arbitror·
1330 3845 1374 3917 ad
1397 3863 1463 3916 vot
1481 3845 1581 3916 etiam
1603 3840 1813 3937 permanasse
1819 3893 1832 3929 ,
1856 3865 1938 3914 nam

742 3937 960 4036 Episcopum
985 3940 1138 4012 nostrum
1166 3937 1349 4034 Principes
1376 3938 1487 4014 vieini
1512 3961 1631 4011 omnes
1654 3939 1840 4033 adjuvant,
1888 3938 1946 4013 ud·

742 4038 836 4124 itanc
856 4035 1005 4111 Lernam
1027 4053 1208 4132 expugnet
1223 4055 1329 4130 aeque
1354 4055 1544 4130 expurget,
1562 4033 1635 4108 Sed
1663 4032 1760 4111 Urbs
1779 4036 1823 4109 ab
1885 4058 1938 4107 ar·

742 4136 795 4207 tio
820 4128 928 4228 usque
954 4127 1065 4206 meost
1091 4128 1253 4220 obsessa,
1277 4128 1528 4300 aliquotiqiqut
1554 4149 1690 4205 tentata·
1715 4133 1802 4228 capi:
1826 4127 1950 4206 hae-te·-

742 4250 814 4312 1ut
832 4249 903 4301 nott
929 4229 1055 4322 potuit.
1115 4224 1207 4299 Ciam
1229 4227 1315 4302 nard
1339 4249 1405 4322 per
1489 4247 1580 4302 atem
1593 4275 1604 4312 ,
1629 4229 1788 4322 proxime
1814 4226 1946 4299 moenia

744 4325 921 4419 exercitus
944 4347 1019 4423 eam
1047 4319 1248 4405 obsideret,
1276 4344 1369 4396 nunc
1393 4341 1562 4398 mutatum
1585 4319 1635 4394 est
1660 4321 1790 4398 obstd'u-
1807 4343 1940 4418 genus,

745 4417 1069 4524 prospectemus
1089 4415 1254 4506 militibus
1284 4417 1417 4496 retenti
1429 4415 1506 4496 fitur
1524 4438 1650 4518 35000.
1660 4468 1681 4513 ,,
1699 4421 1761 4518 qui
1775 4415 1953 4530 prpsrdiie

1083 4549 1085 4557 ’
1829 4533 1953 4618 imper
