4882 5804
619 583 816 684 aursr.
845 567 1153 681 semera
1179 593 1246 672 tn
1273 574 1604 682 munusou
1651 611 1734 727 η,

527 760 662 865 pioliut
697 763 937 862 scripturum,
968 765 1028 837 vel
1060 760 1267 840 effecturum
1298 781 1340 836 ut
1368 759 1406 836 id
1437 758 1511 860 ipse
1545 759 1734 858 Bonifatius

529 863 758 938 Amerbacir'ttr
768 911 781 947 ,
811 859 931 955 Erasmt'
951 857 1061 935 lieres
1077 859 1193 936 faeiat.
1239 859 1418 955 Quoniam
1434 869 1551 932 autent
1568 861 1657 937 nibil
1671 860 1731 933 ad·

527 955 600 1033 huc
618 979 662 1031 ex
683 952 814 1030 Balilca
830 957 971 1052 accepi,
996 981 1039 1032 ac
1054 979 1093 1032 tu
1111 957 1307 1050 longiorem
1327 977 1457 1029 moram
1476 977 1547 1028 non
1564 953 1725 1042 sustines,

528 1077 570 1128 ea
583 1055 706 1128 lubens
725 1051 993 1129 communicabo
1010 1074 1089 1150 quae
1106 1075 1151 1128 cx
1167 1051 1313 1125 Frulem'a
1325 1051 1442 1126 coram
1460 1053 1545 1124 rnihi
1560 1051 1728 1148 expiscari

525 1149 636 1226 licuit.
685 1149 746 1225 De
772 1171 885 1224 morte
904 1171 946 1224 ac
971 1171 1124 1224 extrema
1140 1149 1214 1244 ejus
1234 1171 1343 1244 opera
1367 1170 1470 1242 quam
1489 1149 1617 1242 Origini
1637 1147 1726 1221 inlu·

525 1247 650 1332 dabat,
674 1245 769 1320 Bruti
791 1247 940 1323 Rimari
962 1245 983 1338 †
1007 1241 1171 1342 praefatio
1194 1247 1230 1318 in
1255 1245 1446 1339 origenem,
1469 1245 1507 1316 in
1532 1243 1726 1320 Frolent'ana
1751 1283 1893 1365 „effi

528 1340 667 1416 officina
701 1339 895 1428 mensum,
929 1339 1011 1416 satia
1038 1340 1166 1416 diserte
1195 1343 1354 1436 exponit.
1405 1337 1629 1414 Testamenta
1656 1341 1723 1416 tria
1749 1365 1891 1445 atenpsrtf.

524 1439 695 1534 reliquit,
730 1437 795 1548 sed·
815 1437 991 1534 prioribus
1014 1435 1157 1512 duobus
1182 1439 1304 1510 ultimo
1327 1437 1518 1532 derogavit.
1567 1436 1722 1512 Primum
1750 1443 1855 1522 Erum·

525 1531 729 1610 continebat
754 1537 845 1609 mille
859 1555 1041 1610 aureorum
1067 1530 1118 1629 (fi
1133 1534 1224 1608 bene
1240 1532 1403 1622 memini)
1427 1529 1602 1618 Fllbm⁵⁰t
1620 1531 1720 1608 autst
1748 1525 1897 1680 erpelsgssl‘ffl.

521 1630 580 1705 ille
603 1627 802 1717 recusaret,
836 1631 896 1705 alii
919 1631 1182 1728 typographo,
1214 1626 1378 1712 factum,
1409 1650 1449 1702 ut
1475 1631 1592 1701 omnia
1615 1628 1721 1726 ipfius
1746 1679 1780 1736 ,d
1803 1701 1838 1740 an

524 1749 634 1824 opera
651 1727 957 1804 luculentaforma
983 1729 1113 1804 ederet.
1164 1723 1234 1801 Sed
1259 1724 1303 1799 de
1320 1750 1364 1800 eo
1381 1725 1418 1797 in
1443 1725 1634 1820 posteriore
1658 1751 1721 1800 vo·
1748 1725 1850 1836 1547f

520 1825 657 1900 luntate
686 1823 823 1908 tacuit,
853 1824 982 1924 inqua
1013 1818 1211 1920 Bonifatium
1237 1821 1479 1895 Amerinorum
1497 1821 1715 1896 fiduciariam
1745 1839 1847 1912 marro

518 1919 697 2001 ltaeredtm
721 1919 828 2008 fecit,
852 1923 1038 2008 videlicet,
1061 1941 1102 1994 ut
1119 1929 1257 1994 retento
1271 1916 1484 1992 haereditatis
1504 1919 1718 2014 quadrante,
1745 1917 1810 1974 tunc
1821 1920 1873 2010 'vr-⁵

519 2016 623 2112 quod
641 2017 813 2112 reliquum
830 2015 913 2090 eliet
935 2039 1004 2090 una
1030 2038 1111 2089 cum
1129 2017 1278 2090 Frolrnto
1300 2015 1336 2087 in
1362 2015 1462 2092 dotes
1486 2017 1714 2110 paupercula·
1743 1998 1886 2088 ’ΜΨ

519 2133 597 2186 rum
618 2113 826 2206 virginum,
859 2109 898 2185 dt
932 2108 1050 2186 studia
1071 2112 1224 2209 inopum
1254 2108 1461 2184 scholarium
1493 2109 1712 2206 dispensaret.
1741 2073 1885 2226 ῗῇἕῇζῖᾱ

519 2207 805 2304 Suppelleetilem
828 2206 978 2280 Frolrnro
1001 2211 1035 2280 le
1079 2208 1149 2282 vit.
1193 2205 1447 2280 Bibliotheearn
1472 2229 1516 2280 ex
1534 2206 1714 2282 contraiiu
1738 2233 1892 2299 mmm..

517 2303 643 2400 Jaantt‘
665 2325 688 2376 a
710 2306 807 2393 Lusco
831 2311 852 2399 l
876 2309 999 2390 cedet,
1036 2325 1049 2378 t
1074 2304 1263 2378 numeratis
1278 2323 1378 2376 antea
1398 2304 1555 2380 ducentis
1570 2301 1713 2381 florenis
1737 2337 1883 2412 worm-2

516 2403 647 2474 alteror
675 2401 846 2477 ducentos
863 2400 1047 2476 addiderit.
1073 2397 1243 2476 Articulis
1257 2397 1460 2497 quibusdam
1476 2404 1603 2494 pocula
1619 2423 1710 2498 quae·
1738 2418 1826 2486 utro,

515 2493 596 2570 dam
613 2497 770 2572 donavit.
818 2493 988 2593 Legatum
1014 2497 1256 2592 pecuniarium
1273 2517 1345 2570 non
1367 2498 1506 2572 excedit
1530 2495 1710 2574 sexcentos
1737 2493 1853 2572 ltaervss·

447 2674 451 2689 Ι
511 2589 686 2680 florenos,
711 2589 773 2667 nili
794 2595 894 2691 quod
912 2595 1049 2666 Conrado
1064 2594 1204 2668 Gtclent'o
1221 2591 1612 2689 latinarumlinguarum
1628 2619 1708 2691 pro
1737 2590 1782 2634 ‘¹⁴⁸
1794 2573 1886 2632 ΟΜ·

452 2675 472 2702 ’
508 2686 628 2801 iellori
650 2691 744 2786 apud
768 2689 991 2797 lovanium,
1023 2691 1117 2765 mille
1140 2711 1263 2765 aureos
1295 2686 1541 2787 dispensandos
1566 2693 1708 2767 commi·
1735 2652 1876 2806 Z'rzss'sspu

509 2785 604 2863 lerrt.
633 2783 806 2861 Detraliu
817 2807 930 2862 autem
946 2788 1072 2883 legatis
1088 2787 1126 2863 ur
1140 2788 1306 2884 portione
1323 2787 1460 2860 haered't
1470 2787 1616 2874 debita.
1634 2807 1708 2862 tan·
1733 2809 1863 2884 apestolus.

507 2901 585 2960 tum
608 2884 714 2957 audio
739 2880 926 2980 supereffe,
950 2905 989 2956 ut
1011 2905 1248 2958 trecentorum
1272 2899 1456 2958 aureorum
1474 2903 1608 2959 annuus
1628 2907 1706 2960 oen·
1733 2887 1769 2946 Et
1786 2889 1837 2947 Du

507 2977 566 3054 sut
583 2975 748 3054 constitui
764 2979 879 3075 poffit.
928 2977 1038 3075 Quod
1056 2977 1095 3052 dt
1111 2978 1226 3054 facere
1236 3001 1437 3056 executores
1454 2983 1703 3066 decreverunt,
1730 2953 1862 3106 dms

505 3097 581 3246 1ῖσο
602 3077 673 3150 hoc
697 3079 778 3172 ejua
796 3073 1000 3152 beneficium
1018 3074 1056 3147 in
1080 3076 1241 3172 posteros
1261 3078 1369 3174 tnagis
1395 3096 1604 3172 perpetuum
1633 3075 1704 3152 liat.
1728 3137 1839 3182 aureus

542 3196 566 3246 rt
592 3169 698 3246 censu
723 3195 840 3248 autem
863 3175 949 3248 duat
971 3174 1162 3268 quotannis
1186 3175 1321 3268 puellas
1345 3174 1491 3263 dotare,
1523 3174 1588 3247 reli
1615 3195 1700 3248 uum
1725 3201 1763 3260 a„
1785 3215 1831 3278 17·

505 3264 663 3342 studiolit
691 3273 888 3366 expendere
912 3269 1157 3344 decreverunt.
1206 3269 1264 3344 Ex
1294 3271 1349 3345 hia
1369 3289 1482 3344 autem
1508 3268 1571 3344 tibi
1591 3198 1697 3345 imile
1718 3279 1877 3358 ficeretur..

503 3363 628 3439 licebit
642 3360 745 3440 aliem
763 3365 979 3441 hereditatio
994 3364 1191 3462 supputare.
1240 3361 1333 3441 Haec
1352 3364 1457 3441 habui
1469 3389 1549 3462 quae
1562 3368 1606 3440 de
1622 3368 1698 3464 ejut
1726 3371 1753 3418 ¹·
1775 3373 1846 3431 lm·

502 3457 708 3536 testamento
731 3483 774 3536 ac
793 3461 944 3536 fortunis
968 3461 1277 3558 impraesentiarum
1301 3463 1369 3537 tibi
1396 3465 1697 3540 communicarent
1722 3442 1867 3576 22⁵⁸&

451 3619 453 3624 .
504 3551 621 3644 Quod
641 3553 667 3628 ss
714 3559 774 3630 uid
794 3557 961 3631 Frtlett'ur
983 3559 1165 3641 indicarit,
1188 3561 1262 3654 ejus
1279 3581 1420 3656 quoque
1439 3577 1474 3632 te
1491 3560 1696 3654 participem
1721 3558 1817 3668 sm),
1830 3595 1866 3654 „g

500 3649 657 3726 reddam.
742 3654 795 3727 ale
820 3653 943 3728 crure
965 3653 1159 3741 clariffime,
1183 3653 1220 3728 &
1237 3655 1339 3750 Vrglio
1353 3676 1434 3744 tuo,
1459 3653 1587 3751 sequid
1601 3657 1696 3732 allud
1720 3689 1767 3731 en.
1779 3677 1865 3744 1560.

499 3749 623 3834 volet,
647 3747 832 3843 imperato.
881 3750 995 3847 Spirae
1020 3753 1077 3827 18.
1112 3745 1281 3826 Ostobrit
1304 3775 1396 3826 anno
1422 3756 1529 3844 1536.
1719 3763 1844 3888 affin

497 3893 605 4044 ‘em
620 3891 882 4062 magnum
903 3893 938 3962 lt
963 3911 1089 3982 ratapant
1112 3889 1244 3962 Poloalc
1271 3893 1382 3976 pellem
1406 3898 1544 3980 appellat·
1582 3895 1734 3974 obluta
1753 3911 1804 3969 cit.
1826 3911 1874 3975 V..
