4882 5804
707 587 794 682 166
820 571 1062 690 VIGLII¹
1085 603 1154 676 Au
1182 575 1438 698 AYTTA
1470 565 1850 687 ZUICHEMI

709 733 779 855 tus*
795 774 999 875 Principum
1022 773 1211 863 Saxonici,
1235 771 1487 872 Westphnlici,
1513 775 1551 852 δι
1571 774 1766 858 Rheneniis
1784 781 1915 858 trnfiius

717 876 763 949 ad
789 875 882 950 diem
903 896 968 968 Ι13.
993 873 1232 959 Decembris,
1267 873 1304 946 in
1338 895 1411 968 quo
1444 872 1545 948 nobis
1568 895 1725 956 extrema
1748 876 1826 979 spen
1852 881 1914 956 est.

701 971 1023 1048 ‹Praestantiffimnm
1057 967 1254 1064 Amplitud.
1296 986 1392 1042 tuam
1423 966 1605 1049 florentem
1642 974 1680 1050 &
1705 976 1915 1058 incolumen

645 1156 664 1190 0
713 1090 879 1146 tueauttu
893 1067 1029 1163 Superi.
1078 1065 1138 1140 Ex
1153 1064 1345 1150 Dulmaniu
1369 1084 1426 1141 21.
1451 1063 1675 1146 Novembris.
1694 1093 1799 1167 1534.

541 1300 667 1444 335*
915 1224 1483 1382 'nn1s‘ronn
1538 1288 1661 1396 nv.

778 1512 1237 1611 unounnrro
1288 1500 1859 1617 onnnovnnrro.

544 1459 601 1522 foi·
616 1459 687 1528 263.

562 1766 669 1841 1534·
712 1743 975 1838 ¹It‘lorentt'nm
1014 1769 1041 1828 a
1078 1744 1202 1827 nimia
1228 1733 1309 1845 fin·
1347 1736 1465 1823 lande
1492 1732 1701 1844 tribuenda
1729 1738 1921 1855 obstinere

769 1855 902 1974 jubet.
964 1854 1264 1946 Commentario
1279 1850 1360 1965 suo
1388 1845 1532 1964 excuso
1560 1870 1783 1966 emptorem
1813 1861 1920 1944 inor·

780 1977 916 2078 nium,
940 1963 1387 2084 Graecaefllnstitutionrs
1415 1988 1491 2050 non
1519 1969 1628 2053 item.
1684 1963 1754 2054 Ab
1769 1968 1922 2057 Acade-

781 2091 865 2178 mia
902 2079 1102 2186 Dolona,
1135 2099 1269 2194 atque
1309 2073 1362 2164 ab
1397 2072 1546 2192 Haffiae
1579 2075 1693 2166 Lont
1718 2088 1834 2172 ravin
1868 2085 1926 2172 ad

780 2195 997 2313 profitendi
1024 2221 1169 2282 munus
1189 2189 1276 2302 fro
1306 2217 1357 2277 ro
1391 2196 1613 2297 invitatur,
1698 2191 1923 2303 onasterien·

767 2311 861 2428 firm
879 2309 1134 2396 conditionem
1193 2331 1249 2391 ro
1268 2323 1350 2408 ern
1378 2319 1501 2418 atque
1526 2306 1584 2391 od
1594 2301 1924 2511 Mechlinienbpem

781 2420 958 2512 anhelat.
1023 2417 1097 2508 De
1125 2327 1259 2531 filo,
1299 2415 1520 2529 ordineque
1547 2417 1766 2528 judiciario
1855 2450 1924 2528 an·

785 2537 954 2624 drorum
975 2539 1207 2647 interrogat.
1502 2657 1505 2662 Ι
1554 2557 1563 2578 ·

723 2770 726 2776 ’
822 2776 894 2850 Ihil
913 2773 1087 2858 dubitavi,
1114 2771 1251 2846 Florenti
1267 2767 1474 2862 chariffime,
1499 2769 1542 2846 de
1560 2787 1622 2845 tuo
1640 2770 1811 2858 caudore,
1835 2793 1925 2847 neve

847 2897 887 2948 tu
912 2895 982 2946 non
1006 2869 1100 2942 idem
1122 2868 1263 2942 sentires
1284 2867 1384 2962 quod
1410 2867 1455 2939 de
1484 2891 1540 2942 me
1559 2869 1671 3035 vulpe
1725 2871 1923 2954 nuditates,

733 2969 795 3046 sed
816 2970 915 3042 istum
931 2966 1073 3042 nimium
1098 2986 1201 3039 tuum
1220 2966 1389 3058 impetum
1404 2984 1477 3036 non
1495 2963 1555 3039 aba
1575 2987 1613 3038 re
1645 2987 1667 3036 u
1762 2967 1817 3040 ine
1842 2985 1929 3059 quo·

724 3070 816 3140 dam
837 3063 1074 3141 cohibendum
1092 3061 1197 3149 duxi,
1223 3082 1295 3155 quo
1313 3059 1403 3132 intra
1418 3061 1667 3135 mediocritatis
1693 3085 1803 3136 metas
1820 3059 1931 3140 confi-

729 3161 829 3242 ,stent
839 3217 849 3250 ,
861 3183 973 3254 neque
983 3159 1070 3230 mihi
1086 3157 1252 3254 majorem
1267 3155 1471 3250 opinionem
1488 3156 1592 3252 quim
1606 3152 1769 3231 sustinere
1783 3181 1930 3253 queam,

732 3259 929 3339 excitares,
957 3251 995 3325 ἃ
1020 3253 1087 3326 tibi
1115 3251 1249 3327 facilius
1271 3249 1377 3326 iidem
1400 3255 1616 3328 conciliaret.
1667 3249 1791 3328 Nolim
1814 3253 1933 3351 quaeso

695 3370 697 3376 ’
730 3349 821 3450 'quae
850 3373 962 3448 nuper
990 3345 1105 3443 scripfi
1134 3351 1306 3433 liberius,
1337 3345 1553 3422 occafionem
1576 3345 1642 3420 tibi
1669 3348 1853 3444 praebere,
1874 3352 1934 3426 vel

731 3519 735 3528 .
765 3450 836 3524 uod
858 3450 901 3522 de
920 3467 981 3519 tuo
999 3466 1070 3516 non
1087 3441 1166 3519 satis
1180 3443 1329 3538 syncere
1340 3442 1506 3529 sentim,
1530 3443 1685 3520 dolendi.
1725 3442 1876 3524 Proinde
1890 3471 1936 3521 ne

729 3475 833 3642 ,porte
849 3544 923 3641 ejus
941 3541 991 3615 rei
1007 3541 1235 3636 replicatione
1256 3559 1386 3613 novam
1404 3540 1471 3614 tibi
1487 3543 1740 3636 conquaerendi
1753 3546 1935 3620 materiam

740 3641 940 3742 praebeam,
963 3639 1083 3734 paucis
1101 3659 1136 3710 te
1161 3659 1270 3730 rogo,
1295 3655 1336 3708 ut
1358 3658 1422 3708 not
1441 3659 1554 3710 amare
1569 3658 1716 3732 pergas,
1742 3661 1803 3726 ac,
1828 3663 1938 3737 quun·

742 3743 790 3816 do
812 3763 867 3812 me
892 3760 952 3810 tna
977 3733 1227 3829 praedicatione
1250 3755 1323 3830 non
1349 3752 1451 3828 potes
1478 3757 1549 3806 non
1575 3754 1730 3820 ornare,
1762 3735 1799 3808 id
1823 3759 1940 3812 tamen

743 3833 898 3910 modeste
917 3830 1033 3904 facias.
1082 3827 1178 3902 Nam
1197 3827 1383 3902 meministi
1424 3831 1594 3904 ualemali
1620 3829 1737 3906 uaudo
1752 3827 1941 3907 Praelatum

745 3933 855 4006 nimio
878 3929 984 4002 nostri
1003 3923 1115 3998 studio
1144 3921 1342 3997 offenderis.
1399 3853 1446 3997 {i
1466 3923 1565 4037 quod
1592 3854 1637 3998 ie
1655 3927 1780 4022 graecis
1804 3927 1941 4003 iustitu-

731 4027 901 4119 ¹tionibus
925 4021 1070 4095 anobis
1103 4022 1234 4188 epiris,
1259 4019 1593 4116 Commentaritsque
1621 4021 1747 4098 nostris
1772 4025 1941 4112 nunciat,

748 4126 852 4218 plane
878 4118 1087 4192 contrarium
1130 4113 1232 4189 cribit
1255 4113 1433 4190 Frobonius.
1483 4115 1578 4191 Nam
1605 4115 1945 4194 Commentariorum

751 4218 910 4311 exempla
925 4237 1017 4312 pene
1035 4215 1151 4286 omnia
1168 4211 1347 4300 distraxit,
1365 4212 1401 4288 δι
1422 4235 1464 4286 ea
1481 4211 1597 4289 rursus
1614 4209 1726 4288 fertur
1742 4213 1946 4312 Seoniianu

747 4315 905 4407 Gryphius
947 4309 1114 4406 Lugduni
1150 4306 1334 4383 excudere.
1396 4309 1536 4384 Graecae
1569 4309 1668 4384 ‘vero
1707 4309 1949 4388 Institutione·

747 4433 822 4485 nou
836 4403 943 4504 aeque
967 4426 1162 4504 emptorem
1192 4403 1384 4502 reperiunt.
1430 4405 1545 4483 Porro
1568 4405 1663 4482 aliud
1686 4429 1949 4506 argumentum,

1754 4505 1946 4584 “ob
