4882 5804
727 659 809 732 212
838 624 1078 736 VIGLli
1102 649 1174 726 sa
1200 624 1458 728 AYTTA
1490 625 1868 734 ZUICHEMl

726 825 859 902 seilicet
879 823 979 904 islhic
1009 819 1197 906 tabellarii,
1222 819 1303 902 crim
1326 821 1386 900 hic
1407 819 1542 918 publici
1565 821 1841 908 cinnamonio
1864 825 1930 916 sit,

730 923 771 1002 dt
820 933 972 1019 dotquot
992 921 1054 996 vel
1080 919 1117 992 in
1136 915 1359 1016 superiorem
1387 918 1609 994 Germaniam
1636 923 1697 996 vel
1724 923 1760 996 in
1789 921 1929 998 Italiam

728 945 1019 1118 proiciscantur,
1043 1011 1114 1093 five
1139 1015 1185 1093 ad
1204 1011 1416 1098 Caesaream,
1442 1013 1512 1090 sive
1535 1015 1580 1090 ad
1603 1015 1751 1114 Regiam
1779 1018 1834 1090 Μ.
1860 1019 1933 1101 hac

660 1167 668 1180 -
729 1111 875 1195 masne
908 1109 1042 1188 necesse
1074 1110 1235 1186 habeant.
1285 1109 1530 1206 Quamobrem
1549 1135 1587 1186 tu
1612 1133 1675 1188 ant
1707 1115 1793 1190 aliat
1816 1113 1927 1190 dicito

729 1210 867 1298 causas,
879 1230 939 1285 aut
947 1211 1109 1306 deinceps
1125 1205 1294 1304 prolixius
1304 1205 1500 1282 crebriusve
1509 1206 1657 1284 scribito.
1684 1207 1798 1284 Risrsti
1812 1233 1930 1286 meum

575 1366 580 1380 .
732 1308 978 1396 Archilochum,
1003 1327 1068 1402 age
1085 1305 1173 1383 verd
1185 1353 1200 1396 ,
1223 1301 1248 1377 fi
1269 1304 1416 1400 pedibus
1438 1326 1563 1402 parum
1585 1304 1744 1402 possum,
1766 1308 1866 1404 equis
1891 1311 1928 1382 in

733 1405 921 1501 planiciem
942 1399 1167 1488 descendam.
1193 1402 1230 1474 δι
1247 1399 1484 1477 stArtsr'socbus
1509 1399 1579 1497 (2)
1599 1401 1665 1478 esse
1683 1427 1756 1480 non
1770 1399 1928 1504 possum,

734 1501 814 1674 qam
841 1501 1020 1592 Hipponax.
1063 1495 1080 1592 (
1091 1497 1138 1595 3)
1169 1495 1228 1568 An
1256 1517 1296 1570 tu
1329 1493 1402 1570 sola
1431 1497 1583 1574 carmina
1610 1499 1772 1574 mordere
1795 1507 1932 1598 putas?
1988 1521 1990 1525 ·

770 1616 785 1670 t

734 1621 885 1769 velltvae
899 1691 1098 1768 ostendunt.
1122 1688 1194 1763 Sed
1210 1688 1379 1764 minamm
1395 1687 1486 1762 satis.
1536 1689 1633 1786 Basta
1648 1691 1762 1769 fratris
1782 1696 1832 1766 tui
1846 1693 1930 1790 (4).

734 1811 960 1884 magnacum
983 1790 1168 1884 voluptate
1185 1787 1279 1880 legi,
1304 1783 1512 1880 miremsque
1537 1787 1575 1858 in
1602 1789 1655 1862 eis
1678 1789 1828 1864 maxime
1857 1789 1930 1864 sum

736 1883 817 1962 edm
833 1886 972 1982 copiam
994 1882 1323 1976 inventionemque,
1349 1899 1423 1954 tum
1444 1881 1662 1960 venustatem
1696 1905 1801 1978 atque
1822 1883 1930 1980 ipsam

735 1979 932 2069 Venerem,
955 2001 1060 2149 quam
1075 1981 1135 2052 ille
1159 1977 1322 2074 prosette
1331 1977 1421 2050 bene
1440 1980 1630 2074 propitiam
1644 1981 1772 2056 haben:
1788 1980 1935 2069 debuit,

735 2095 779 2152 ut
803 2095 934 2150 tantam
1016 2095 1085 2148 tam
1104 2073 1243 2149 suavem
1268 2077 1301 2150 ei
1330 2072 1484 2150 bafiandi
1506 2079 1682 2150 materiam
1716 2075 1928 2172 suggereret.

738 2171 868 2255 Habeo
890 2193 1006 2252 autem
1024 2173 1167 2246 multam
1181 2194 1248 2268 pro
1264 2174 1314 2246 eir
1338 2171 1507 2268 gratiam,
1532 2172 1571 2247 δι
1596 2173 1724 2250 resene
1744 2180 1848 2246 etlam
1867 2195 1936 2270 per

737 2265 954 2351 occasionem
971 2267 1127 2341 studebo.
1179 2269 1331 2344 Gaudeo
1354 2267 1476 2342 fiatres
1493 2265 1611 2342 samos
1628 2293 1673 2343 ex
1689 2269 1858 2364 Hispania
1879 2295 1931 2343 re·

740 2362 846 2439 diisse.
899 2364 1017 2458 Quim
1053 2367 1159 2440 velim
1191 2365 1256 2440 tibi
1283 2363 1390 2440 Frilia
1428 2373 1506 2438 mea
1530 2366 1580 2437 ita
1606 2365 1867 2450 adlubesceret,
1891 2387 1932 2438 ut

739 2463 1156 2633 lipsiailinll'll
1171 2461 1543 2649 sananim
1578 2459 1661 2628 st.
1674 2464 1937 2652 ‘lillis'

740 2651 822 2728 eim
847 2675 915 2748 ego
940 2654 1016 2728 illic
1036 2673 1211 2748 parentem
1232 2653 1349 2726 adhuc
1377 2671 1566 2746 urnamque
1597 2653 1633 2722 in
1659 2653 1749 2728 vivis
1777 2656 1933 2726 habeam.

740 2747 971 2824 Fundlionem
989 2752 1067 2835 hic,
1092 2749 1139 2819 mi
1156 2747 1342 2834 Hadriane,
1365 2745 1486 2822 nasius
1506 2745 1580 2819 sum
1595 2770 1675 2820 cum
1690 2751 1810 2844 primis
1821 2748 1937 2844 splen·

742 2847 880 2931 didam,
903 2848 1179 2942 necquicquam
1204 2845 1321 2932 deest,
1346 2841 1408 2918 nisi
1442 2843 1541 2938 quod
1564 2867 1639 2917 non
1666 2841 1708 2918 srt
1738 2867 1938 2942 perpetua,

742 2943 875 3043 alioqui
899 2943 943 3015 de
964 2943 1031 3015 alia
1052 2965 1096 3014 ne
1117 2939 1273 3036 cogitare
1294 2940 1436 3038 quidem
1463 2949 1615 3035 unquam
1637 2943 1755 3014 velim.
1804 2943 1937 3016 Reddit

742 3061 858 3114 tamen
877 3061 933 3110 me
959 3037 1090 3111 interea
1117 3038 1306 3121 idoneum,
1330 3058 1372 3111 ut
1390 3036 1453 3109 ubi
1477 3057 1570 3132 opuq
1590 3037 1677 3126 erit,
1702 3039 1801 3110 aliam
1817 3041 1938 3111 condi·

741 3137 872 3212 tionem
887 3133 1023 3208 facilius
1032 3135 1189 3209 invenire
1200 3155 1335 3230 queam.
1355 3132 1451 3206 Cum
1466 3129 1781 3227 superiorieantem
1790 3135 1945 3210 Gennnd

743 3233 811 3304 nitu
835 3229 981 3325 ingeniis
1004 3228 1083 3302 satis
1105 3231 1192 3304 mihi
1210 3231 1399 3306 convenire
1411 3226 1543 3326 posset,
1568 3226 1671 3302 stilla
1687 3230 1876 3324 aliquando
1894 3233 1946 3306 dc

811 1596 1018 1671 mutationi
1044 1617 1115 1668 non
1135 1589 1246 1666 deesse
1270 1595 1416 1676 dentes.
1440 1594 1616 1684 Ciceronis,
1640 1599 1854 1692 aliorumque
1879 1600 1931 1670 in·

746 3328 916 3421 religione
936 3324 1064 3398 dissidia
1089 3343 1322 3420 ponerentur:
1345 3345 1435 3420 quan
1460 3345 1540 3397 uam
1561 3337 1656 3398 certe
1681 3324 1825 3400 inferior
1844 3330 1944 3403 natio

746 3419 864 3498 nostra
896 3441 968 3493 non
997 3424 1110 3496 mulus
1135 3423 1235 3518 gravi
1270 3349 1554 3517 Anasapsiliarum
1592 3417 1682 3497 seua
1721 3425 1935 3500 concutitur.

1818 3625 1820 3628 Ι
1844 3519 1949 3596 Bene·

790 3673 855 3760 (a)
876 3670 1087 3756 Archilochus]
1110 3669 1219 3738 Po'e'ta
1238 3687 1393 3756 graecus,
1413 3673 1544 3756 primus
1561 3673 1651 3744 inter
1670 3689 1753 3754 eoa,
1774 3676 1832 3759 qui
1848 3677 1942 3762 Jam-

751 3759 815 3828 bos
843 3755 1026 3854 scripsere,
1045 3756 1081 3822 in
1112 3753 1235 3902 quibua
1254 3753 1385 3824 summa
1412 3757 1481 3839 vis,
1501 3751 1671 3850 elegantia
1699 3777 1740 3830 cc
1766 3760 1947 3830 vibrantea

748 3839 943 3912 sententie.
960 3841 1035 3908 Car.
1056 3837 1124 3986 Stq
1144 3887 1154 3906 .

819 3923 863 4006 a)
886 3922 1075 4008 Hipponax]
1641 4011 1647 4022 ,
1698 4015 1701 4018 ,
1848 4011 1854 4024 ,

776 4025 798 4072 u
821 4003 847 4102 d
864 4003 1057 4074 deformem
1078 4003 1231 4102 monae
1255 4001 1385 4102 soedarn
1408 4005 1533 4076 iterem
1552 4007 1694 4092 publice
1715 4009 1942 4094 exposuissent

752 4023 997 4186 deridendam,
1015 4103 1088 4156 tam
1112 4101 1240 4188 acriter
1266 4089 1420 4158 mveslut
1440 4089 1510 4171 esl,
1531 4107 1572 4160 ut
1592 4094 1724 4179 aliquot
1744 4109 1790 4160 ex
1809 4093 1878 4162 illis
1897 4093 1944 4161 ad

771 4341 778 4356 ·
806 4173 978 4353 siffis
984 4171 1349 4353 ffisreriissmqimn
1366 4255 1519 4336 Secundi
1533 4258 1694 4362 Bospara
1708 4257 1833 4358 libmm
1843 4259 1955 4359 intel-5

755 4343 832 4490 {git
841 4385 852 4420 ,
872 4357 908 4405 tn
923 4357 993 4424 quo
1007 4339 1155 4424 plurima
1185 4357 1297 4406 acrva
1313 4357 1354 4406 ac
1371 4340 1533 4440 obscoena
1548 4344 1638 4441 legs,
1658 4356 1799 4440 notatur
1818 4362 1853 4410 tn
1865 4342 1952 4440 Etis.

786 4424 840 4578 rig.
864 4421 939 4492 Vas.
957 4421 1096 4492 Atrdrrae.
1162 4441 1215 4494 uae
1233 4422 1316 4506 bosso
1343 4433 1461 4494 tamen
1479 4428 1624 4496 mmsrce
1651 4426 1789 4496 extollit
1812 4428 1954 4514 Vlgltuo

756 4508 796 4592 fn
832 4505 913 4596 pia.
928 4523 1010 4595 qucv
1022 4505 1076 4581 eii
1091 4525 1132 4579 ur
1191 4525 1213 4581 e
1228 4505 1363 4602 crull,
1378 4507 1422 4578 ad
1437 4509 1589 4600 Jeommn
1601 4509 1753 4602 mmm
1765 4509 1953 4602 suggeum.

1126 3925 1208 3990 osta
1243 3919 1424 4005 Ephesius,
1448 3921 1561 4022 quiin
1584 3923 1735 4010 pislores
1758 3923 1948 4010 quosdam,
