4680 5828
583 561 776 659 urrsr.
807 513 1121 662 sursera
1146 587 1213 660 n>
1240 561 1570 668 urvunsos.
1615 593 1696 682 109

492 743 550 818 cui
565 742 637 841 ipse
654 741 704 816 est
718 741 917 840 praefeetus.
944 743 995 820 Et
1009 743 1094 820 fecit
1109 744 1250 842 quidem
1265 746 1415 842 aliquam
1430 741 1546 840 spem,
1571 741 1692 820 saltem

487 859 529 913 ut
543 862 588 914 co
614 838 750 915 noscam
764 841 850 936 quid
862 838 905 915 sit
921 839 1039 930 rei‚&
1058 863 1099 917 ut
1113 841 1364 938 inspiciamtut
1382 861 1459 916 utar
1475 839 1566 914 enim
1577 838 1687 914 stuar-

488 958 557 1032 que
587 959 707 1032 perare
731 961 805 1010 non
832 938 957 1016 audeo.
1006 937 1174 1034 Cognovi
1201 961 1316 1013 autem
1345 957 1390 1014 ex
1419 937 1487 1013 tuis
1518 937 1687 1010 edilium

447 1085 449 1094 ,
485 1029 638 1128 aliosque
655 1033 789 1121 literis,
822 1053 988 1128 quantum
1023 1037 1163 1132 ngium
1187 1052 1284 1109 tuum
1309 1055 1452 1120 amare,
1485 1031 1679 1129 quibusque

485 1149 566 1200 eum
589 1149 714 1202 ornare
729 1128 890 1203 laudibus
909 1153 1045 1230 pergas.
1098 1129 1199 1224 Quas
1221 1129 1281 1206 etsr
1300 1131 1441 1204 minime
1459 1149 1681 1223 promerear,

483 1243 633 1298 attamen
655 1227 700 1298 de
715 1245 815 1300 tanto
830 1247 974 1302 conatus
990 1227 1057 1301 mei
1070 1229 1249 1302 laudatore
1271 1249 1342 1302 non
1352 1222 1489 1322 possum
1505 1247 1576 1296 non
1594 1226 1682 1298 mihi

482 1320 660 1416 gratulari.
708 1318 827 1414 Atque
850 1345 893 1396 eo
922 1321 998 1396 solo
1020 1323 1165 1419 praemio
1194 1346 1264 1418 pro
1288 1322 1473 1418 praeteritis
1498 1320 1678 1394 laboribus

480 1415 605 1489 lubens
621 1413 694 1488 sum
711 1437 908 1492 contentus.
942 1418 982 1494 lu
998 1415 1174 1514 posterum
1189 1420 1276 1494 verd
1293 1417 1428 1512 semper
1444 1417 1553 1510 magis
1570 1416 1694 1510 atque*

480 1511 591 1608 magis
607 1515 740 1603 enitar,
752 1536 824 1609 quo
840 1516 886 1588 ali
910 1536 990 1588 uam
1004 1512 1121 1592 saltem
1135 1516 1276 1588 laudum
1288 1535 1423 1588 tuarum
1442 1531 1575 1608 partem
1591 1535 1677 1585 ven·

479 1607 595 1682 dicare
604 1607 689 1679 mihi
705 1631 842 1704 queam.
933 1609 1048 1684 amad
1064 1611 1213 1703 Redolpbi
1236 1609 1314 1705 (7)
1339 1609 1466 1682 famam
1480 1629 1607 1682 vereor
1622 1629 1668 1681 ne

477 1699 604 1777 frustra
619 1701 776 1797 aspirem.
826 1705 936 1800 Cujus
960 1729 1073 1781 tamen
1085 1707 1245 1800 exemplo
1264 1703 1473 1793 confirmor,
1496 1705 1672 1799 nepatriae

478 1800 619 1896 genium
629 1801 715 1874 mihi
729 1801 770 1873 ad
789 1801 879 1876 hanc
891 1805 929 1875 in
945 1802 1064 1876 studiis
1087 1804 1347 1876 contentionem
1363 1797 1577 1872 obstaturum
1597 1813 1671 1873 ere·

480 1895 569 1968 darn.
619 1893 669 1968 Et
687 1896 765 1970 Deo
780 1920 875 1972 certe
893 1900 965 1980 1111,
989 1901 1050 1992 qui
1068 1897 1231 1971 nostratia
1248 1897 1387 1992 ingenia
1403 1896 1511 1967 humo
1529 1895 1669 1990 alligat,

479 2013 545 2066 nec
563 1989 655 2065 ease
672 1993 718 2066 ad
738 1995 885 2088 aliquem
914 1997 951 2067 in
984 1996 1095 2067 literis
1120 1993 1291 2065 honorem
1330 1991 1488 2066 attollere
1517 1993 1671 2086 patitur,

478 2109 656 2181 nunquam
674 2085 876 2162 sacrificavi.
924 2090 1043 2185 Atque
1058 2091 1127 2163 hoc
1142 2087 1254 2182 ipsum
1271 2108 1312 2163 ut
1329 2088 1497 2171 vitarem,
1518 2091 1588 2182 jam
1611 2086 1672 2164 dee

479 2183 607 2256 cimum
627 2185 768 2256 tertium
778 2206 906 2257 annum
922 2209 943 2258 a
961 2189 1073 2281 patria
1089 2189 1211 2267 exulo,
1235 2181 1316 2258 crim
1346 2181 1406 2256 fim
1432 2181 1547 2256 adhuc
1579 2183 1670 2260 intra

456 2301 555 2352 ¹enm
571 2295 727 2368 aetatem‚
754 2282 811 2354 cui
836 2301 966 2374 praetor
990 2282 1238 2354 restitutionem
1270 2282 1306 2352 in
1333 2281 1508 2374 integrum
1535 2277 1670 2352 tribuit.
1714 2303 1716 2310 ’

481 2373 764 2472 Quapropter&
782 2378 1016 2450 valetudinem
1040 2375 1174 2472 semper
1188 2377 1381 2470 integram,
1416 2375 1582 2468 nulloque
1605 2397 1670 2446 un-

478 2493 583 2568 quam
603 2471 727 2546 morbo
756 2473 815 2545 vel
841 2469 1002 2544 artasiam
1029 2469 1195 2546 hastenus
1221 2472 1394 2566 produxi,
1418 2490 1460 2542 ut
1485 2471 1668 2545 Minintha·

477 2572 563 2650 dior,
587 2588 632 2638 ne
656 2563 716 2637 ssm
741 2567 856 2640 minus
878 2589 1011 2641 verear.
1061 2565 1275 2663 Quanquam
1301 2562 1443 2642 minime
1468 2567 1556 2638 milri
1579 2565 1671 2638 mori

367 2681 379 2702 ⁸
478 2687 587 2759 grave
602 2660 684 2736 esset
702 2686 781 2738 cum
808 2663 983 2758 Vergiliano
1007 2661 1233 2760 Epitaphio,
1268 2661 1439 2760 Ostendent
1467 2665 1558 2732 terris
1585 2663 1668 2736 hunc

328 3248 332 3254 '
476 3237 607 3333 tiasque
630 3239 815 3348 diligenter
841 3259 918 3347 ago.
961 3237 1162 3332 Chrysollorno
1185 3238 1281 3334 quod
1308 3233 1398 3332 scrip

480 2774 604 2830 tantum
613 2756 716 2852 fata,
740 2778 794 2832 nec
815 2761 900 2832 ultro
915 2757 974 2854 effe
984 2755 1100 2852 fiuent.
1152 2758 1264 2849 Quod
1283 2782 1362 2832 tuus
1380 2777 1475 2832 arnor
1491 2759 1666 2836 immerito

476 2856 562 2928 mihi
577 2855 709 2927 tribuit.
760 2852 857 2927 Sensr
874 2877 1016 2950 quoque
1029 2879 1071 2928 ert
1089 2857 1136 2930 D.
1156 2851 1242 2948 Znſsi
1259 2856 1389 2938 literis,
1414 2875 1486 2950 quo
1505 2877 1559 2928 me
1570 2851 1666 2948 apud

473 2953 573 3024 illum
592 2949 787 3023 testimonio
806 2953 1005 3034 ornaveris,
1030 2953 1161 3048 quippe
1183 2953 1246 3046 qui
1275 2975 1329 3024 me
1358 2945 1419 3021 fibi
1440 2945 1666 3024 successorem

474 3052 578 3121 vivus
596 3042 756 3121 asciscere
776 3044 1013 3142 dignatusest.
1064 3046 1136 3120 Sed
1157 3048 1242 3140 quid
1257 3047 1342 3118 mihi
1360 3047 1395 3116 in
1413 3067 1453 3118 ea
1475 3069 1511 3118 re
1530 3041 1572 3116 fit
1593 3045 1664 3116 ani·

477 3147 545 3229 mi,
570 3164 673 3216 antea
697 3143 874 3228 indicavi3
900 3143 936 3216 δι
953 3163 1044 3214 nunc
1064 3143 1222 3236 pluribus
1241 3139 1332 3231 Zefio
1350 3137 1566 3308 respondeo,
1589 3161 1667 3232 gra·

1415 3239 1483 3310 eris
1530 3236 1664 3310 audeo:
1693 3299 1699 3304 .

477 3359 523 3408 ex
540 3338 612 3428 ejus
628 3357 718 3406 enrm
740 3333 986 3415 familiaritate,
1011 3352 1069 3406 tua
1086 3335 1172 3406 mihi
1190 3331 1335 3428 epistola
1360 3258 1542 3420 devindlag‚
1574 3332 1666 3404 utili·

475 3449 581 3504 tatem
597 3453 669 3502 non
689 3432 859 3504 modicam
877 3429 1036 3524 concepi.
1074 3427 1194 3503 Habet
1219 3431 1247 3501 is
1263 3432 1434 3524 integram
1452 3429 1599 3520 Cypriani
1611 3430 1664 3501 vi·

366 3605 373 3617 ,
477 3546 585 3598 tama
605 3521 730 3597 Pontio
751 3525 974 3620 descriptam,
1000 3524 1106 3601 habet
1128 3529 1165 3602 dt
1184 3525 1348 3620 quosdam
1379 3529 1423 3598 D.
1450 3520 1602 3610 Ambrofii
1625 3525 1667 3596 li-

476 3623 558 3696 bros
580 3619 742 3692 adversus
765 3623 917 3710 Arianos,
944 3641 1031 3717 quos
1058 3619 1092 3694 se
1110 3623 1468 3705 communicaturum,
1493 3613 1666 3692 srdesrde·

475 3717 589 3803 rabis,
613 3713 783 3810 promisit.
828 3715 983 3808 Journem
1007 3719 1169 3812 Georgium
1203 3719 1489 3810 Poumgartnernm
1520 3715 1664 3806 dignum

475 3836 538 3889 tuo
550 3834 666 3886 amore
678 3809 929 3885 adolescentem
941 3813 1073 3908 duplici
1086 3813 1224 3887 nomine
1234 3811 1360 3894 beasti,
1388 3809 1534 3903 &quod
1550 3805 1664 3904 ipsum

474 3929 535 3983 tua
558 3909 703 4003 epistola
734 3907 840 3979 fueris
866 3907 1053 4003 dignatus,
1087 3909 1123 3980 dt
1157 3907 1254 4006 quod
1287 3907 1380 4003 patri
1410 3928 1488 3978 cum
1527 3905 1668 3978 chario-

475 4031 548 4082 rem
565 4003 777 4087 reddideris,
788 4003 1061 4076 commendando
1079 4008 1199 4099 ejusin
1217 4003 1326 4078 literis
1343 3998 1553 4098 profertum.
1579 3997 1664 4076 Hoc

473 4103 561 4177 mihi
580 4101 685 4174 crede
699 4100 875 4175 liberalius
898 4101 1083 4176 educatum
1096 4103 1274 4198 ingenium
1303 4101 1364 4174 vix
1381 4099 1473 4174 aliud
1496 4099 1665 4265 repepirh

1186 4234 1188 4240 ,
1592 4216 1665 4264 um·

518 4321 582 4410 (7)
605 4321 749 4407 Redolplri
793 4317 904 4422 intelli
928 4320 956 4388 it
975 4317 1164 4421 ¹Rotiolplrum
1183 4314 1372 4417 Agricolam,
1392 4314 1437 4386 de
1454 4331 1523 4400 quo
1549 4309 1590 4384 V.
1609 4309 1666 4380 Bi-

476 4407 574 4478 bliulb.
595 4405 680 4492 Belg.
701 4319 876 4492 &suffrtd
896 4339 979 4472 serre
999 4401 1109 4474 desen
1132 4417 1155 4468 t.
1176 4400 1292 4488 Frrstae,

1151 4507 1172 4582 3
