<?xml version="1.0" encoding="UTF-8"?>
<!DOCTYPE html PUBLIC "-//W3C//DTD XHTML 1.0 Transitional//EN"
    "http://www.w3.org/TR/xhtml1/DTD/xhtml1-transitional.dtd">
<html xmlns="http://www.w3.org/1999/xhtml" xml:lang="en" lang="en">
 <head>
  <title>
</title>
<meta http-equiv="Content-Type" content="text/html;charset=utf-8" />
  <meta name='ocr-system' content='tesseract 3.04.00' />
  <meta name='ocr-capabilities' content='ocr_page ocr_carea ocr_par ocr_line ocrx_word'/>
</head>
<body>
  <div class='ocr_page' id='page_1' title='image "./vitavigliiabayt00ayttgoog_0273.png"; bbox 0 0 4882 5804; ppageno 0'>
   <div class='ocr_carea' id='block_1_1' title="bbox 718 635 1863 766">
    <p class='ocr_par' dir='ltr' id='par_1_1' title="bbox 718 635 1863 766">
     <span class='ocr_line' id='line_1_1' title="bbox 718 635 1863 766; baseline 0.004 -25"><span class='ocrx_word' id='word_1_1' title='bbox 718 656 805 766; x_wconf 65' lang='grc' dir='ltr'><strong>ιρι</strong></span> <span class='ocrx_word' id='word_1_2' title='bbox 826 637 1160 740; x_wconf 76' lang='lat' dir='ltr'><strong>vrorum</strong></span> <span class='ocrx_word' id='word_1_3' title='bbox 1187 635 1451 739; x_wconf 79' lang='lat' dir='ltr'><strong>araus</strong></span> <span class='ocrx_word' id='word_1_4' title='bbox 1480 635 1863 747; x_wconf 83' lang='lat' dir='ltr'><strong>zurcraaur</strong></span> 
     </span>
    </p>
   </div>
   <div class='ocr_carea' id='block_1_2' title="bbox 701 818 1958 2279">
    <p class='ocr_par' dir='ltr' id='par_1_2' title="bbox 701 818 1958 2279">
     <span class='ocr_line' id='line_1_2' title="bbox 722 818 1940 926; baseline 0.002 -23"><span class='ocrx_word' id='word_1_5' title='bbox 722 824 864 904; x_wconf 84' lang='lat' dir='ltr'><strong>terdum</strong></span> <span class='ocrx_word' id='word_1_6' title='bbox 887 823 933 900; x_wconf 81' lang='lat' dir='ltr'><strong>td</strong></span> <span class='ocrx_word' id='word_1_7' title='bbox 962 845 999 900; x_wconf 89' lang='lat' dir='ltr'><strong>te</strong></span> <span class='ocrx_word' id='word_1_8' title='bbox 1023 818 1160 898; x_wconf 87' lang='lat' dir='ltr'><strong>occafio</strong></span> <span class='ocrx_word' id='word_1_9' title='bbox 1185 821 1295 911; x_wconf 84' lang='lat' dir='ltr'><strong>esset,</strong></span> <span class='ocrx_word' id='word_1_10' title='bbox 1318 824 1356 898; x_wconf 90' lang='lat' dir='ltr'><strong>ni</strong></span> <span class='ocrx_word' id='word_1_11' title='bbox 1378 819 1539 900; x_wconf 82' lang='lat' dir='ltr'><strong>adessorii</strong></span> <span class='ocrx_word' id='word_1_12' title='bbox 1566 829 1671 926; x_wconf 80' lang='lat' dir='ltr'><strong>hujus</strong></span> <span class='ocrx_word' id='word_1_13' title='bbox 1698 831 1851 908; x_wconf 87' lang='lat' dir='ltr'><strong>muneris</strong></span> <span class='ocrx_word' id='word_1_14' title='bbox 1876 853 1940 907; x_wconf 90' lang='lat' dir='ltr'><strong>no·</strong></span> 
     </span>
     <span class='ocr_line' id='line_1_3' title="bbox 727 919 1940 1027; baseline 0.003 -27"><span class='ocrx_word' id='word_1_15' title='bbox 727 950 794 1004; x_wconf 78' lang='lat' dir='ltr'><strong>vus</strong></span> <span class='ocrx_word' id='word_1_16' title='bbox 820 945 862 1000; x_wconf 85' lang='lat' dir='ltr'><strong>ac</strong></span> <span class='ocrx_word' id='word_1_17' title='bbox 883 921 1035 998; x_wconf 78' lang='lat' dir='ltr'><strong>insuetus</strong></span> <span class='ocrx_word' id='word_1_18' title='bbox 1057 921 1183 1009; x_wconf 85' lang='lat' dir='ltr'><strong>labor,</strong></span> <span class='ocrx_word' id='word_1_19' title='bbox 1208 923 1294 996; x_wconf 88' lang='lat' dir='ltr'><strong>dum</strong></span> <span class='ocrx_word' id='word_1_20' title='bbox 1313 919 1412 996; x_wconf 78' lang='lat' dir='ltr'><strong>simul</strong></span> <span class='ocrx_word' id='word_1_21' title='bbox 1434 923 1471 998; x_wconf 77' lang='grc' dir='ltr'><strong>δι</strong></span> <span class='ocrx_word' id='word_1_22' title='bbox 1498 922 1745 1004; x_wconf 85' lang='lat' dir='ltr'><strong>Germanicam</strong></span> <span class='ocrx_word' id='word_1_23' title='bbox 1761 931 1940 1027; x_wconf 76' lang='lat' dir='ltr'><strong>linguam,</strong></span> 
     </span>
     <span class='ocr_line' id='line_1_4' title="bbox 732 1015 1942 1122; baseline 0 -22"><span class='ocrx_word' id='word_1_24' title='bbox 732 1025 772 1100; x_wconf 75' lang='grc' dir='ltr'><strong>δι</strong></span> <span class='ocrx_word' id='word_1_25' title='bbox 789 1017 960 1098; x_wconf 87' lang='lat' dir='ltr'><strong>sorensem</strong></span> <span class='ocrx_word' id='word_1_26' title='bbox 982 1018 1120 1115; x_wconf 74' lang='lat' dir='ltr'><strong>praxim</strong></span> <span class='ocrx_word' id='word_1_27' title='bbox 1149 1015 1302 1092; x_wconf 75' lang='lat' dir='ltr'><strong>emerius</strong></span> <span class='ocrx_word' id='word_1_28' title='bbox 1335 1017 1497 1108; x_wconf 87' lang='lat' dir='ltr'>discere,</span> <span class='ocrx_word' id='word_1_29' title='bbox 1531 1018 1707 1120; x_wconf 88' lang='lat' dir='ltr'><strong>officiique</strong></span> <span class='ocrx_word' id='word_1_30' title='bbox 1733 1027 1804 1100; x_wconf 90' lang='lat' dir='ltr'><strong>mei</strong></span> <span class='ocrx_word' id='word_1_31' title='bbox 1833 1024 1942 1122; x_wconf 89' lang='lat' dir='ltr'><strong>pensa</strong></span> 
     </span>
     <span class='ocr_line' id='line_1_5' title="bbox 733 1115 1943 1218; baseline 0 -22"><span class='ocrx_word' id='word_1_32' title='bbox 733 1119 859 1196; x_wconf 80' lang='lat' dir='ltr'><strong>sedulo</strong></span> <span class='ocrx_word' id='word_1_33' title='bbox 874 1115 1053 1192; x_wconf 84' lang='lat' dir='ltr'><strong>absolvere</strong></span> <span class='ocrx_word' id='word_1_34' title='bbox 1075 1133 1186 1188; x_wconf 89' lang='lat' dir='ltr'><strong>oouor</strong></span> <span class='ocrx_word' id='word_1_35' title='bbox 1197 1167 1219 1200; x_wconf 32' lang='lat'><strong>,⁴</strong></span> <span class='ocrx_word' id='word_1_36' title='bbox 1232 1116 1319 1188; x_wconf 86' lang='lat' dir='ltr'><strong>nibil</strong></span> <span class='ocrx_word' id='word_1_37' title='bbox 1340 1117 1484 1189; x_wconf 83' lang='lat' dir='ltr'><strong>omuino</strong></span> <span class='ocrx_word' id='word_1_38' title='bbox 1502 1121 1605 1194; x_wconf 89' lang='lat' dir='ltr'><strong>vacui</strong></span> <span class='ocrx_word' id='word_1_39' title='bbox 1622 1125 1791 1218; x_wconf 87' lang='lat' dir='ltr'><strong>temporis</strong></span> <span class='ocrx_word' id='word_1_40' title='bbox 1812 1123 1943 1198; x_wconf 85' lang='lat' dir='ltr'><strong>adalia</strong></span> 
     </span>
     <span class='ocr_line' id='line_1_6' title="bbox 735 1210 1944 1314; baseline 0.001 -21"><span class='ocrx_word' id='word_1_41' title='bbox 735 1215 885 1314; x_wconf 80' lang='lat' dir='ltr'><strong>legenda</strong></span> <span class='ocrx_word' id='word_1_42' title='bbox 906 1234 967 1288; x_wconf 91' lang='lat' dir='ltr'><strong>aut</strong></span> <span class='ocrx_word' id='word_1_43' title='bbox 989 1211 1124 1307; x_wconf 81' lang='lat' dir='ltr'><strong>agenda</strong></span> <span class='ocrx_word' id='word_1_44' title='bbox 1148 1214 1368 1307; x_wconf 87' lang='lat' dir='ltr'><strong>relinqueret.</strong></span> <span class='ocrx_word' id='word_1_45' title='bbox 1418 1210 1503 1302; x_wconf 84' lang='lat' dir='ltr'><strong>Qua</strong></span> <span class='ocrx_word' id='word_1_46' title='bbox 1524 1218 1562 1289; x_wconf 92' lang='lat' dir='ltr'><strong>in</strong></span> <span class='ocrx_word' id='word_1_47' title='bbox 1587 1235 1626 1291; x_wconf 88' lang='lat' dir='ltr'><strong>re</strong></span> <span class='ocrx_word' id='word_1_48' title='bbox 1650 1217 1798 1292; x_wconf 89' lang='lat' dir='ltr'><strong>studium</strong></span> <span class='ocrx_word' id='word_1_49' title='bbox 1827 1242 1944 1294; x_wconf 89' lang='lat' dir='ltr'><strong>meum</strong></span> 
     </span>
     <span class='ocr_line' id='line_1_7' title="bbox 737 1307 1958 1413; baseline 0 -25"><span class='ocrx_word' id='word_1_50' title='bbox 737 1337 779 1388; x_wconf 85' lang='lat' dir='ltr'><strong>ea</strong></span> <span class='ocrx_word' id='word_1_51' title='bbox 797 1313 901 1387; x_wconf 89' lang='lat' dir='ltr'><strong>etiam</strong></span> <span class='ocrx_word' id='word_1_52' title='bbox 924 1307 1013 1383; x_wconf 86' lang='lat' dir='ltr'><strong>ratio</strong></span> <span class='ocrx_word' id='word_1_53' title='bbox 1040 1329 1111 1383; x_wconf 92' lang='lat' dir='ltr'><strong>non</strong></span> <span class='ocrx_word' id='word_1_54' title='bbox 1132 1310 1353 1384; x_wconf 77' lang='lat' dir='ltr'>mediocriter</span> <span class='ocrx_word' id='word_1_55' title='bbox 1371 1312 1519 1396; x_wconf 84' lang='lat' dir='ltr'><strong>excitat,</strong></span> <span class='ocrx_word' id='word_1_56' title='bbox 1543 1311 1642 1408; x_wconf 82' lang='lat' dir='ltr'><strong>quud</strong></span> <span class='ocrx_word' id='word_1_57' title='bbox 1658 1317 1768 1410; x_wconf 86' lang='lat' dir='ltr'><strong>major</strong></span> <span class='ocrx_word' id='word_1_58' title='bbox 1784 1337 1836 1390; x_wconf 82' lang='lat' dir='ltr'><strong>ex</strong></span> <span class='ocrx_word' id='word_1_59' title='bbox 1855 1337 1958 1413; x_wconf 70' lang='lat' dir='ltr'><strong>prm-t</strong></span> 
     </span>
     <span class='ocr_line' id='line_1_8' title="bbox 740 1401 1945 1506; baseline -0.002 -20"><span class='ocrx_word' id='word_1_60' title='bbox 740 1409 828 1486; x_wconf 81' lang='lat' dir='ltr'><strong>senti</strong></span> <span class='ocrx_word' id='word_1_61' title='bbox 851 1407 1052 1482; x_wconf 86' lang='lat' dir='ltr'><strong>conditione</strong></span> <span class='ocrx_word' id='word_1_62' title='bbox 1077 1402 1231 1478; x_wconf 88' lang='lat' dir='ltr'><strong>discendi</strong></span> <span class='ocrx_word' id='word_1_63' title='bbox 1247 1401 1385 1480; x_wconf 85' lang='lat' dir='ltr'><strong>occafio</strong></span> <span class='ocrx_word' id='word_1_64' title='bbox 1401 1405 1582 1502; x_wconf 86' lang='lat' dir='ltr'>suppetit,</span> <span class='ocrx_word' id='word_1_65' title='bbox 1605 1431 1647 1484; x_wconf 86' lang='lat' dir='ltr'><strong>ea</strong></span> <span class='ocrx_word' id='word_1_66' title='bbox 1670 1412 1777 1486; x_wconf 87' lang='lat' dir='ltr'><strong>hodie</strong></span> <span class='ocrx_word' id='word_1_67' title='bbox 1791 1409 1865 1506; x_wconf 85' lang='lat' dir='ltr'><strong>ipsa</strong></span> <span class='ocrx_word' id='word_1_68' title='bbox 1880 1413 1945 1485; x_wconf 92' lang='lat' dir='ltr'><strong>mi·</strong></span> 
     </span>
     <span class='ocr_line' id='line_1_9' title="bbox 742 1498 1947 1600; baseline 0.001 -18"><span class='ocrx_word' id='word_1_69' title='bbox 742 1529 809 1582; x_wconf 87' lang='lat' dir='ltr'><strong>nus</strong></span> <span class='ocrx_word' id='word_1_70' title='bbox 826 1503 955 1578; x_wconf 86' lang='lat' dir='ltr'><strong>stabilis</strong></span> <span class='ocrx_word' id='word_1_71' title='bbox 973 1501 1042 1578; x_wconf 85' lang='lat' dir='ltr'><strong>esic</strong></span> <span class='ocrx_word' id='word_1_72' title='bbox 1057 1502 1228 1576; x_wconf 88' lang='lat' dir='ltr'><strong>videatur.</strong></span> <span class='ocrx_word' id='word_1_73' title='bbox 1278 1498 1373 1575; x_wconf 81' lang='lat' dir='ltr'><strong>Nam</strong></span> <span class='ocrx_word' id='word_1_74' title='bbox 1394 1505 1465 1579; x_wconf 93' lang='lat' dir='ltr'><strong>hoc</strong></span> <span class='ocrx_word' id='word_1_75' title='bbox 1479 1503 1677 1579; x_wconf 86' lang='lat' dir='ltr'><strong>Caesareum</strong></span> <span class='ocrx_word' id='word_1_76' title='bbox 1691 1507 1716 1600; x_wconf 91' lang='lat' dir='ltr'>J</span> <span class='ocrx_word' id='word_1_77' title='bbox 1717 1507 1871 1583; x_wconf 92' lang='lat' dir='ltr'><strong>udicium</strong></span> <span class='ocrx_word' id='word_1_78' title='bbox 1887 1507 1947 1582; x_wconf 83' lang='lat' dir='ltr'><strong>cui</strong></span> 
     </span>
     <span class='ocr_line' id='line_1_10' title="bbox 743 1597 1947 1702; baseline -0.001 -24"><span class='ocrx_word' id='word_1_79' title='bbox 743 1623 928 1685; x_wconf 81' lang='lat' dir='ltr'><strong>vacamus,</strong></span> <span class='ocrx_word' id='word_1_80' title='bbox 953 1601 1058 1695; x_wconf 73' lang='lat' dir='ltr'><strong>quim</strong></span> <span class='ocrx_word' id='word_1_81' title='bbox 1082 1597 1261 1673; x_wconf 87' lang='lat' dir='ltr'><strong>tenuifilo</strong></span> <span class='ocrx_word' id='word_1_82' title='bbox 1282 1599 1465 1693; x_wconf 88' lang='lat' dir='ltr'><strong>pendeat,</strong></span> <span class='ocrx_word' id='word_1_83' title='bbox 1488 1603 1628 1676; x_wconf 89' lang='lat' dir='ltr'><strong>minime</strong></span> <span class='ocrx_word' id='word_1_84' title='bbox 1654 1622 1690 1677; x_wconf 88' lang='lat' dir='ltr'><strong>re</strong></span> <span class='ocrx_word' id='word_1_85' title='bbox 1712 1605 1820 1679; x_wconf 88' lang='lat' dir='ltr'><strong>latere</strong></span> <span class='ocrx_word' id='word_1_86' title='bbox 1845 1626 1947 1702; x_wconf 91' lang='lat' dir='ltr'><strong>puto.</strong></span> 
     </span>
     <span class='ocr_line' id='line_1_11' title="bbox 701 1692 1951 1796; baseline 0.008 -32"><span class='ocrx_word' id='word_1_87' title='bbox 701 1745 711 1764; x_wconf 91' lang='lat'><strong>.</strong></span> <span class='ocrx_word' id='word_1_88' title='bbox 745 1695 898 1774; x_wconf 85' lang='lat' dir='ltr'><strong>Proinde</strong></span> <span class='ocrx_word' id='word_1_89' title='bbox 921 1693 1051 1772; x_wconf 84' lang='lat' dir='ltr'><strong>etiamfi</strong></span> <span class='ocrx_word' id='word_1_90' title='bbox 1083 1692 1230 1770; x_wconf 85' lang='lat' dir='ltr'><strong>sorraffis</strong></span> <span class='ocrx_word' id='word_1_91' title='bbox 1264 1694 1394 1792; x_wconf 86' lang='lat' dir='ltr'><strong>aliquid</strong></span> <span class='ocrx_word' id='word_1_92' title='bbox 1425 1699 1593 1796; x_wconf 84' lang='lat' dir='ltr'><strong>temporis</strong></span> <span class='ocrx_word' id='word_1_93' title='bbox 1624 1699 1807 1775; x_wconf 84' lang='lat' dir='ltr'><strong>ordinariis</strong></span> <span class='ocrx_word' id='word_1_94' title='bbox 1836 1701 1951 1796; x_wconf 84' lang='lat' dir='ltr'><strong>legiti-</strong></span> 
     </span>
     <span class='ocr_line' id='line_1_12' title="bbox 746 1786 1950 1892; baseline 0.002 -22"><span class='ocrx_word' id='word_1_95' title='bbox 746 1793 881 1892; x_wconf 89' lang='lat' dir='ltr'><strong>misque</strong></span> <span class='ocrx_word' id='word_1_96' title='bbox 905 1794 1023 1892; x_wconf 88' lang='lat' dir='ltr'><strong>operis</strong></span> <span class='ocrx_word' id='word_1_97' title='bbox 1046 1786 1224 1868; x_wconf 86' lang='lat' dir='ltr'>succidere</span> <span class='ocrx_word' id='word_1_98' title='bbox 1240 1789 1326 1866; x_wconf 90' lang='lat' dir='ltr'><strong>mihi</strong></span> <span class='ocrx_word' id='word_1_99' title='bbox 1342 1794 1468 1883; x_wconf 83' lang='lat' dir='ltr'><strong>liceat,</strong></span> <span class='ocrx_word' id='word_1_100' title='bbox 1493 1813 1644 1868; x_wconf 86' lang='lat' dir='ltr'><strong>attamen</strong></span> <span class='ocrx_word' id='word_1_101' title='bbox 1664 1793 1749 1870; x_wconf 91' lang='lat' dir='ltr'><strong>dum</strong></span> <span class='ocrx_word' id='word_1_102' title='bbox 1769 1794 1950 1872; x_wconf 83' lang='lat' dir='ltr'><strong>considero</strong></span> 
     </span>
     <span class='ocr_line' id='line_1_13' title="bbox 746 1889 1953 1987; baseline -0.002 -18"><span class='ocrx_word' id='word_1_103' title='bbox 746 1891 840 1970; x_wconf 81' lang='lat' dir='ltr'><strong>forte</strong></span> <span class='ocrx_word' id='word_1_104' title='bbox 861 1889 951 1966; x_wconf 85' lang='lat' dir='ltr'><strong>hauc</strong></span> <span class='ocrx_word' id='word_1_105' title='bbox 979 1891 1309 1987; x_wconf 85' lang='lat' dir='ltr'><strong>opportunitatem,</strong></span> <span class='ocrx_word' id='word_1_106' title='bbox 1341 1911 1420 1984; x_wconf 84' lang='lat' dir='ltr'><strong>quae</strong></span> <span class='ocrx_word' id='word_1_107' title='bbox 1442 1912 1516 1964; x_wconf 91' lang='lat' dir='ltr'><strong>non</strong></span> <span class='ocrx_word' id='word_1_108' title='bbox 1539 1889 1714 1966; x_wconf 79' lang='lat' dir='ltr'><strong>modicam</strong></span> <span class='ocrx_word' id='word_1_109' title='bbox 1732 1891 1829 1984; x_wconf 87' lang='lat' dir='ltr'><strong>Juris</strong></span> <span class='ocrx_word' id='word_1_110' title='bbox 1853 1891 1953 1967; x_wconf 90' lang='lat' dir='ltr'><strong>Civi-</strong></span> 
     </span>
     <span class='ocr_line' id='line_1_14' title="bbox 748 1983 1954 2085; baseline 0 -21"><span class='ocrx_word' id='word_1_111' title='bbox 748 1991 794 2064; x_wconf 89' lang='lat' dir='ltr'><strong>lis</strong></span> <span class='ocrx_word' id='word_1_112' title='bbox 816 1986 998 2085; x_wconf 74' lang='lat' dir='ltr'><strong>peritiam.</strong></span> <span class='ocrx_word' id='word_1_113' title='bbox 1023 1987 1297 2062; x_wconf 84' lang='lat' dir='ltr'><strong>&amp;luculentum</strong></span> <span class='ocrx_word' id='word_1_114' title='bbox 1321 1985 1477 2081; x_wconf 82' lang='lat' dir='ltr'><strong>inprimis</strong></span> <span class='ocrx_word' id='word_1_115' title='bbox 1502 1983 1720 2080; x_wconf 87' lang='lat' dir='ltr'><strong>Judiciorum</strong></span> <span class='ocrx_word' id='word_1_116' title='bbox 1741 1984 1841 2064; x_wconf 90' lang='lat' dir='ltr'><strong>usum</strong></span> <span class='ocrx_word' id='word_1_117' title='bbox 1862 2009 1954 2084; x_wconf 82' lang='lat' dir='ltr'><strong>prae·</strong></span> 
     </span>
     <span class='ocr_line' id='line_1_15' title="bbox 751 2079 1954 2171; baseline -0.002 -9"><span class='ocrx_word' id='word_1_118' title='bbox 751 2087 834 2171; x_wconf 88' lang='lat' dir='ltr'><strong>bet,</strong></span> <span class='ocrx_word' id='word_1_119' title='bbox 857 2082 958 2160; x_wconf 87' lang='lat' dir='ltr'><strong>brevi</strong></span> <span class='ocrx_word' id='word_1_120' title='bbox 972 2079 1191 2159; x_wconf 86' lang='lat' dir='ltr'><strong>effluxuram:</strong></span> <span class='ocrx_word' id='word_1_121' title='bbox 1219 2084 1356 2156; x_wconf 84' lang='lat' dir='ltr'><strong>caereris</strong></span> <span class='ocrx_word' id='word_1_122' title='bbox 1375 2084 1537 2158; x_wconf 89' lang='lat' dir='ltr'><strong>omnibus</strong></span> <span class='ocrx_word' id='word_1_123' title='bbox 1557 2081 1678 2160; x_wconf 89' lang='lat' dir='ltr'><strong>studiis</strong></span> <span class='ocrx_word' id='word_1_124' title='bbox 1700 2083 1892 2160; x_wconf 78' lang='lat' dir='ltr'><strong>intermissis</strong></span> <span class='ocrx_word' id='word_1_125' title='bbox 1916 2087 1954 2160; x_wconf 88' lang='lat' dir='ltr'><strong>in</strong></span> 
     </span>
     <span class='ocr_line' id='line_1_16' title="bbox 752 2178 1954 2279; baseline -0.001 -20"><span class='ocrx_word' id='word_1_126' title='bbox 752 2183 791 2258; x_wconf 90' lang='lat' dir='ltr'><strong>id</strong></span> <span class='ocrx_word' id='word_1_127' title='bbox 802 2203 908 2254; x_wconf 89' lang='lat' dir='ltr'><strong>unum</strong></span> <span class='ocrx_word' id='word_1_128' title='bbox 918 2200 994 2256; x_wconf 89' lang='lat' dir='ltr'><strong>tota</strong></span> <span class='ocrx_word' id='word_1_129' title='bbox 1004 2181 1195 2256; x_wconf 90' lang='lat' dir='ltr'><strong>intentione</strong></span> <span class='ocrx_word' id='word_1_130' title='bbox 1205 2178 1478 2254; x_wconf 90' lang='lat' dir='ltr'><strong>incumbendum</strong></span> <span class='ocrx_word' id='word_1_131' title='bbox 1495 2179 1602 2268; x_wconf 83' lang='lat' dir='ltr'><strong>duxi,</strong></span> <span class='ocrx_word' id='word_1_132' title='bbox 1616 2180 1840 2279; x_wconf 88' lang='lat' dir='ltr'><strong>utquandam</strong></span> <span class='ocrx_word' id='word_1_133' title='bbox 1855 2181 1954 2274; x_wconf 82' lang='lat' dir='ltr'><strong>Jurir</strong></span> 
     </span>
    </p>
   </div>
   <div class='ocr_carea' id='block_1_3' title="bbox 613 2273 1956 2379">
    <p class='ocr_par' dir='ltr' id='par_1_3' title="bbox 613 2273 1956 2379">
     <span class='ocr_line' id='line_1_17' title="bbox 613 2273 1956 2379; baseline 0.004 -26"><span class='ocrx_word' id='word_1_134' title='bbox 613 2279 617 2291; x_wconf 92' lang='lat'>&#39;</span> <span class='ocrx_word' id='word_1_135' title='bbox 752 2279 892 2379; x_wconf 88' lang='lat' dir='ltr'><strong>praxim</strong></span> <span class='ocrx_word' id='word_1_136' title='bbox 904 2278 989 2350; x_wconf 89' lang='lat' dir='ltr'><strong>mihi</strong></span> <span class='ocrx_word' id='word_1_137' title='bbox 1004 2299 1227 2376; x_wconf 89' lang='lat' dir='ltr'><strong>comparem,</strong></span> <span class='ocrx_word' id='word_1_138' title='bbox 1246 2297 1326 2374; x_wconf 86' lang='lat' dir='ltr'><strong>quae</strong></span> <span class='ocrx_word' id='word_1_139' title='bbox 1340 2273 1420 2374; x_wconf 92' lang='lat' dir='ltr'><strong>post</strong></span> <span class='ocrx_word' id='word_1_140' title='bbox 1438 2279 1529 2351; x_wconf 89' lang='lat' dir='ltr'><strong>hanc</strong></span> <span class='ocrx_word' id='word_1_141' title='bbox 1543 2273 1678 2354; x_wconf 83' lang='lat' dir='ltr'><strong>finitam</strong></span> <span class='ocrx_word' id='word_1_142' title='bbox 1695 2277 1956 2370; x_wconf 86' lang='lat' dir='ltr'><strong>conditionem,</strong></span> 
     </span>
    </p>
   </div>
   <div class='ocr_carea' id='block_1_4' title="bbox 757 2369 1983 4212">
    <p class='ocr_par' dir='ltr' id='par_1_4' title="bbox 757 2369 1983 4212">
     <span class='ocr_line' id='line_1_18' title="bbox 757 2369 1955 2470; baseline -0.003 -17"><span class='ocrx_word' id='word_1_143' title='bbox 757 2374 830 2452; x_wconf 82' lang='lat' dir='ltr'><strong>sive</strong></span> <span class='ocrx_word' id='word_1_144' title='bbox 846 2375 1004 2470; x_wconf 90' lang='lat' dir='ltr'><strong>privato,</strong></span> <span class='ocrx_word' id='word_1_145' title='bbox 1023 2371 1095 2450; x_wconf 88' lang='lat' dir='ltr'><strong>sive</strong></span> <span class='ocrx_word' id='word_1_146' title='bbox 1109 2375 1153 2449; x_wconf 92' lang='lat' dir='ltr'><strong>ad</strong></span> <span class='ocrx_word' id='word_1_147' title='bbox 1167 2375 1311 2470; x_wconf 87' lang='lat' dir='ltr'><strong>aliquod</strong></span> <span class='ocrx_word' id='word_1_148' title='bbox 1331 2395 1456 2452; x_wconf 90' lang='lat' dir='ltr'><strong>munus</strong></span> <span class='ocrx_word' id='word_1_149' title='bbox 1472 2369 1589 2450; x_wconf 87' lang='lat' dir='ltr'><strong>rursus</strong></span> <span class='ocrx_word' id='word_1_150' title='bbox 1607 2396 1759 2467; x_wconf 82' lang='lat' dir='ltr'><strong>vocato,</strong></span> <span class='ocrx_word' id='word_1_151' title='bbox 1782 2397 1855 2449; x_wconf 91' lang='lat' dir='ltr'><strong>non</strong></span> <span class='ocrx_word' id='word_1_152' title='bbox 1871 2399 1955 2454; x_wconf 89' lang='lat' dir='ltr'><strong>oon·</strong></span> 
     </span>
     <span class='ocr_line' id='line_1_19' title="bbox 757 2467 1959 2569; baseline -0.002 -21"><span class='ocrx_word' id='word_1_153' title='bbox 757 2473 980 2548; x_wconf 90' lang='lat' dir='ltr'><strong>temnendum</strong></span> <span class='ocrx_word' id='word_1_154' title='bbox 999 2473 1305 2569; x_wconf 79' lang='lat' dir='ltr'><strong>operaepretium,</strong></span> <span class='ocrx_word' id='word_1_155' title='bbox 1330 2467 1501 2564; x_wconf 89' lang='lat' dir='ltr'><strong>rebusque</strong></span> <span class='ocrx_word' id='word_1_156' title='bbox 1525 2472 1690 2568; x_wconf 82' lang='lat' dir='ltr'><strong>deinceps</strong></span> <span class='ocrx_word' id='word_1_157' title='bbox 1707 2471 1867 2568; x_wconf 79' lang='lat' dir='ltr'><strong>gerendis</strong></span> <span class='ocrx_word' id='word_1_158' title='bbox 1884 2493 1959 2546; x_wconf 90' lang='lat' dir='ltr'><strong>non</strong></span> 
     </span>
     <span class='ocr_line' id='line_1_20' title="bbox 758 2563 1958 2664; baseline -0.002 -20"><span class='ocrx_word' id='word_1_159' title='bbox 758 2570 839 2644; x_wconf 89' lang='lat' dir='ltr'><strong>leve</strong></span> <span class='ocrx_word' id='word_1_160' title='bbox 851 2567 1118 2654; x_wconf 86' lang='lat' dir='ltr'><strong>adminiculum,</strong></span> <span class='ocrx_word' id='word_1_161' title='bbox 1137 2565 1280 2641; x_wconf 90' lang='lat' dir='ltr'><strong>adferat.</strong></span> <span class='ocrx_word' id='word_1_162' title='bbox 1293 2565 1347 2638; x_wconf 88' lang='lat' dir='ltr'><strong>Ita</strong></span> <span class='ocrx_word' id='word_1_163' title='bbox 1360 2563 1480 2654; x_wconf 89' lang='lat' dir='ltr'><strong>fit,mi</strong></span> <span class='ocrx_word' id='word_1_164' title='bbox 1497 2565 1705 2640; x_wconf 77' lang='lat' dir='ltr'><strong>Canrrunculu</strong></span> <span class='ocrx_word' id='word_1_165' title='bbox 1711 2591 1806 2653; x_wconf 90' lang='lat' dir='ltr'><strong>,uon</strong></span> <span class='ocrx_word' id='word_1_166' title='bbox 1816 2567 1958 2664; x_wconf 90' lang='lat' dir='ltr'><strong>quidem</strong></span> 
     </span>
     <span class='ocr_line' id='line_1_21' title="bbox 761 2657 1960 2748; baseline 0 -8"><span class='ocrx_word' id='word_1_167' title='bbox 761 2683 804 2740; x_wconf 92' lang='lat' dir='ltr'><strong>ut</strong></span> <span class='ocrx_word' id='word_1_168' title='bbox 819 2683 891 2737; x_wconf 90' lang='lat' dir='ltr'><strong>non</strong></span> <span class='ocrx_word' id='word_1_169' title='bbox 909 2685 1013 2739; x_wconf 87' lang='lat' dir='ltr'><strong>vacet</strong></span> <span class='ocrx_word' id='word_1_170' title='bbox 1031 2663 1076 2740; x_wconf 86' lang='lat' dir='ltr'><strong>ad</strong></span> <span class='ocrx_word' id='word_1_171' title='bbox 1094 2662 1310 2748; x_wconf 85' lang='lat' dir='ltr'><strong>rescribere,</strong></span> <span class='ocrx_word' id='word_1_172' title='bbox 1333 2657 1419 2734; x_wconf 83' lang='lat' dir='ltr'><strong>abst</strong></span> <span class='ocrx_word' id='word_1_173' title='bbox 1431 2661 1522 2736; x_wconf 89' lang='lat' dir='ltr'><strong>enim</strong></span> <span class='ocrx_word' id='word_1_174' title='bbox 1537 2679 1578 2734; x_wconf 93' lang='lat' dir='ltr'><strong>ut</strong></span> <span class='ocrx_word' id='word_1_175' title='bbox 1594 2680 1730 2736; x_wconf 88' lang='lat' dir='ltr'><strong>tantum</strong></span> <span class='ocrx_word' id='word_1_176' title='bbox 1753 2666 1868 2740; x_wconf 86' lang='lat' dir='ltr'><strong>virum</strong></span> <span class='ocrx_word' id='word_1_177' title='bbox 1886 2687 1960 2740; x_wconf 92' lang='lat' dir='ltr'><strong>non</strong></span> 
     </span>
     <span class='ocr_line' id='line_1_22' title="bbox 790 2757 1958 2857; baseline 0.003 -23"><span class='ocrx_word' id='word_1_178' title='bbox 790 2762 874 2834; x_wconf 87' lang='lat' dir='ltr'><strong>luris</strong></span> <span class='ocrx_word' id='word_1_179' title='bbox 897 2757 1023 2835; x_wconf 83' lang='lat' dir='ltr'><strong>faciam</strong></span> <span class='ocrx_word' id='word_1_180' title='bbox 1048 2757 1151 2857; x_wconf 73' lang='lat' dir='ltr'><strong>quim</strong></span> <span class='ocrx_word' id='word_1_181' title='bbox 1168 2760 1342 2832; x_wconf 90' lang='lat' dir='ltr'><strong>tantillum</strong></span> <span class='ocrx_word' id='word_1_182' title='bbox 1356 2758 1524 2852; x_wconf 89' lang='lat' dir='ltr'><strong>temporis</strong></span> <span class='ocrx_word' id='word_1_183' title='bbox 1539 2780 1612 2854; x_wconf 92' lang='lat' dir='ltr'><strong>quo</strong></span> <span class='ocrx_word' id='word_1_184' title='bbox 1626 2759 1663 2833; x_wconf 92' lang='lat' dir='ltr'><strong>id</strong></span> <span class='ocrx_word' id='word_1_185' title='bbox 1685 2759 1808 2855; x_wconf 85' lang='lat' dir='ltr'><strong>perfici</strong></span> <span class='ocrx_word' id='word_1_186' title='bbox 1824 2760 1958 2856; x_wconf 86' lang='lat' dir='ltr'><strong>potest:</strong></span> 
     </span>
     <span class='ocr_line' id='line_1_23' title="bbox 761 2780 1962 2956; baseline -0.001 -21"><span class='ocrx_word' id='word_1_187' title='bbox 761 2780 825 2936; x_wconf 64' lang='lat' dir='ltr'><strong>sed</strong></span> <span class='ocrx_word' id='word_1_188' title='bbox 839 2859 1002 2933; x_wconf 88' lang='lat' dir='ltr'><strong>urminus</strong></span> <span class='ocrx_word' id='word_1_189' title='bbox 1017 2855 1181 2930; x_wconf 89' lang='lat' dir='ltr'><strong>idoneum</strong></span> <span class='ocrx_word' id='word_1_190' title='bbox 1195 2856 1239 2956; x_wconf 80' lang='lat' dir='ltr'><strong>ad</strong></span> <span class='ocrx_word' id='word_1_191' title='bbox 1255 2851 1471 2930; x_wconf 88' lang='lat' dir='ltr'><strong>rescribendi</strong></span> <span class='ocrx_word' id='word_1_192' title='bbox 1481 2873 1720 2952; x_wconf 79' lang='lat' dir='ltr'><strong>argumentum</strong></span> <span class='ocrx_word' id='word_1_193' title='bbox 1737 2856 1902 2943; x_wconf 86' lang='lat' dir='ltr'><strong>habeam,</strong></span> <span class='ocrx_word' id='word_1_194' title='bbox 1921 2857 1962 2934; x_wconf 88' lang='lat' dir='ltr'><strong>id</strong></span> 
     </span>
     <span class='ocr_line' id='line_1_24' title="bbox 765 2949 1963 3064; baseline 0 -34"><span class='ocrx_word' id='word_1_195' title='bbox 765 2955 947 3053; x_wconf 90' lang='lat' dir='ltr'><strong>quoduon</strong></span> <span class='ocrx_word' id='word_1_196' title='bbox 964 2949 1317 3038; x_wconf 81' lang='lat' dir='ltr'><strong>eisetdesuturum,sr</strong></span> <span class='ocrx_word' id='word_1_197' title='bbox 1359 2949 1963 3064; x_wconf 79' lang='lat' dir='ltr'><strong>ristiuisstudiisindulgereliceret,</strong></span> 
     </span>
     <span class='ocr_line' id='line_1_25' title="bbox 766 2973 1963 3146; baseline -0.003 -18"><span class='ocrx_word' id='word_1_198' title='bbox 766 3052 934 3128; x_wconf 85' lang='lat' dir='ltr'><strong>videlicet</strong></span> <span class='ocrx_word' id='word_1_199' title='bbox 951 3073 990 3125; x_wconf 93' lang='lat' dir='ltr'><strong>ut</strong></span> <span class='ocrx_word' id='word_1_200' title='bbox 1004 3051 1192 3146; x_wconf 89' lang='lat' dir='ltr'><strong>aliquando</strong></span> <span class='ocrx_word' id='word_1_201' title='bbox 1209 3055 1268 3124; x_wconf 89' lang='lat' dir='ltr'><strong>vel</strong></span> <span class='ocrx_word' id='word_1_202' title='bbox 1283 2973 1437 3124; x_wconf 52' lang='lat' dir='ltr'><strong>utriendi</strong></span> <span class='ocrx_word' id='word_1_203' title='bbox 1452 3047 1553 3122; x_wconf 85' lang='lat' dir='ltr'><strong>causa</strong></span> <span class='ocrx_word' id='word_1_204' title='bbox 1574 3050 1690 3122; x_wconf 90' lang='lat' dir='ltr'><strong>locum</strong></span> <span class='ocrx_word' id='word_1_205' title='bbox 1708 3053 1856 3146; x_wconf 81' lang='lat' dir='ltr'><strong>aliquem</strong></span> <span class='ocrx_word' id='word_1_206' title='bbox 1871 3050 1963 3146; x_wconf 86' lang='lat' dir='ltr'><strong>Juris</strong></span> 
     </span>
     <span class='ocr_line' id='line_1_26' title="bbox 769 3141 1966 3242; baseline -0.003 -16"><span class='ocrx_word' id='word_1_207' title='bbox 769 3150 814 3226; x_wconf 87' lang='lat' dir='ltr'><strong>ad</strong></span> <span class='ocrx_word' id='word_1_208' title='bbox 832 3169 868 3222; x_wconf 87' lang='lat' dir='ltr'><strong>te</strong></span> <span class='ocrx_word' id='word_1_209' title='bbox 889 3143 1085 3236; x_wconf 85' lang='lat' dir='ltr'><strong>deferrem,</strong></span> <span class='ocrx_word' id='word_1_210' title='bbox 1111 3146 1149 3222; x_wconf 91' lang='lat'>&amp;</span> <span class='ocrx_word' id='word_1_211' title='bbox 1164 3145 1307 3221; x_wconf 83' lang='lat' dir='ltr'><strong>vicissim</strong></span> <span class='ocrx_word' id='word_1_212' title='bbox 1328 3167 1373 3219; x_wconf 81' lang='lat' dir='ltr'><strong>err</strong></span> <span class='ocrx_word' id='word_1_213' title='bbox 1400 3141 1539 3219; x_wconf 85' lang='lat' dir='ltr'><strong>Graecis</strong></span> <span class='ocrx_word' id='word_1_214' title='bbox 1560 3143 1827 3221; x_wconf 89' lang='lat' dir='ltr'><strong>Commentariis</strong></span> <span class='ocrx_word' id='word_1_215' title='bbox 1849 3149 1885 3221; x_wconf 93' lang='lat' dir='ltr'><strong>in</strong></span> <span class='ocrx_word' id='word_1_216' title='bbox 1905 3143 1966 3242; x_wconf 86' lang='lat' dir='ltr'><strong>Jus</strong></span> 
     </span>
     <span class='ocr_line' id='line_1_27' title="bbox 769 3237 1967 3342; baseline -0.003 -20"><span class='ocrx_word' id='word_1_217' title='bbox 769 3245 910 3330; x_wconf 84' lang='lat' dir='ltr'><strong>Civile,</strong></span> <span class='ocrx_word' id='word_1_218' title='bbox 937 3267 1018 3342; x_wconf 83' lang='lat' dir='ltr'><strong>quae</strong></span> <span class='ocrx_word' id='word_1_219' title='bbox 1034 3267 1078 3319; x_wconf 83' lang='lat' dir='ltr'><strong>ex</strong></span> <span class='ocrx_word' id='word_1_220' title='bbox 1092 3243 1193 3316; x_wconf 89' lang='lat' dir='ltr'><strong>Italia</strong></span> <span class='ocrx_word' id='word_1_221' title='bbox 1215 3267 1351 3318; x_wconf 88' lang='lat' dir='ltr'><strong>mecum</strong></span> <span class='ocrx_word' id='word_1_222' title='bbox 1368 3243 1488 3326; x_wconf 88' lang='lat' dir='ltr'><strong>attuli,</strong></span> <span class='ocrx_word' id='word_1_223' title='bbox 1513 3241 1577 3315; x_wconf 89' lang='lat' dir='ltr'><strong>tibi</strong></span> <span class='ocrx_word' id='word_1_224' title='bbox 1595 3237 1725 3336; x_wconf 85' lang='lat' dir='ltr'><strong>aliquid</strong></span> <span class='ocrx_word' id='word_1_225' title='bbox 1741 3243 1967 3340; x_wconf 86' lang='lat' dir='ltr'><strong>impartirem.</strong></span> 
     </span>
     <span class='ocr_line' id='line_1_28' title="bbox 766 3333 1970 3436; baseline 0 -22"><span class='ocrx_word' id='word_1_226' title='bbox 766 3338 1032 3431; x_wconf 85' lang='lat' dir='ltr'><strong>Quamobrem,</strong></span> <span class='ocrx_word' id='word_1_227' title='bbox 1056 3335 1241 3414; x_wconf 70' lang='lat' dir='ltr'><strong>dociiffime</strong></span> <span class='ocrx_word' id='word_1_228' title='bbox 1266 3337 1499 3424; x_wconf 83' lang='lat' dir='ltr'><strong>Gouriuncuiu,</strong></span> <span class='ocrx_word' id='word_1_229' title='bbox 1529 3333 1694 3434; x_wconf 86' lang='lat' dir='ltr'><strong>ignosce,</strong></span> <span class='ocrx_word' id='word_1_230' title='bbox 1711 3337 1852 3432; x_wconf 83' lang='lat' dir='ltr'><strong>quaeso,</strong></span> <span class='ocrx_word' id='word_1_231' title='bbox 1871 3342 1970 3436; x_wconf 92' lang='lat' dir='ltr'><strong>quod</strong></span> 
     </span>
     <span class='ocr_line' id='line_1_29' title="bbox 769 3433 1972 3530; baseline -0.001 -17"><span class='ocrx_word' id='word_1_232' title='bbox 769 3434 937 3518; x_wconf 74' lang='lat' dir='ltr'><strong>habienus</strong></span> <span class='ocrx_word' id='word_1_233' title='bbox 951 3435 1038 3509; x_wconf 87' lang='lat' dir='ltr'><strong>nihil</strong></span> <span class='ocrx_word' id='word_1_234' title='bbox 1057 3435 1101 3509; x_wconf 90' lang='lat' dir='ltr'><strong>ad</strong></span> <span class='ocrx_word' id='word_1_235' title='bbox 1120 3457 1154 3509; x_wconf 89' lang='lat' dir='ltr'><strong>te</strong></span> <span class='ocrx_word' id='word_1_236' title='bbox 1173 3433 1389 3530; x_wconf 83' lang='lat' dir='ltr'><strong>scripsimus,</strong></span> <span class='ocrx_word' id='word_1_237' title='bbox 1413 3433 1521 3528; x_wconf 86' lang='lat' dir='ltr'><strong>idque</strong></span> <span class='ocrx_word' id='word_1_238' title='bbox 1539 3456 1611 3506; x_wconf 92' lang='lat' dir='ltr'><strong>non</strong></span> <span class='ocrx_word' id='word_1_239' title='bbox 1629 3433 1825 3521; x_wconf 87' lang='lat' dir='ltr'><strong>oblivione,</strong></span> <span class='ocrx_word' id='word_1_240' title='bbox 1850 3434 1907 3512; x_wconf 88' lang='lat' dir='ltr'><strong>sed</strong></span> <span class='ocrx_word' id='word_1_241' title='bbox 1930 3461 1972 3512; x_wconf 89' lang='lat' dir='ltr'><strong>ea</strong></span> 
     </span>
     <span class='ocr_line' id='line_1_30' title="bbox 771 3529 1973 3628; baseline -0.003 -16"><span class='ocrx_word' id='word_1_242' title='bbox 771 3529 846 3612; x_wconf 81' lang='lat' dir='ltr'><strong>sola</strong></span> <span class='ocrx_word' id='word_1_243' title='bbox 867 3537 912 3610; x_wconf 92' lang='lat' dir='ltr'><strong>de</strong></span> <span class='ocrx_word' id='word_1_244' title='bbox 927 3529 1026 3609; x_wconf 90' lang='lat' dir='ltr'><strong>causa</strong></span> <span class='ocrx_word' id='word_1_245' title='bbox 1045 3529 1174 3605; x_wconf 78' lang='lat' dir='ltr'><strong>fabium</strong></span> <span class='ocrx_word' id='word_1_246' title='bbox 1203 3553 1312 3627; x_wconf 88' lang='lat' dir='ltr'><strong>puta,</strong></span> <span class='ocrx_word' id='word_1_247' title='bbox 1337 3529 1434 3624; x_wconf 87' lang='lat' dir='ltr'><strong>quod</strong></span> <span class='ocrx_word' id='word_1_248' title='bbox 1452 3530 1538 3603; x_wconf 89' lang='lat' dir='ltr'><strong>nihil</strong></span> <span class='ocrx_word' id='word_1_249' title='bbox 1559 3531 1726 3628; x_wconf 88' lang='lat' dir='ltr'><strong>dignum,</strong></span> <span class='ocrx_word' id='word_1_250' title='bbox 1751 3536 1847 3628; x_wconf 90' lang='lat' dir='ltr'><strong>quod</strong></span> <span class='ocrx_word' id='word_1_251' title='bbox 1871 3537 1914 3608; x_wconf 91' lang='lat' dir='ltr'><strong>ad</strong></span> <span class='ocrx_word' id='word_1_252' title='bbox 1936 3554 1973 3608; x_wconf 90' lang='lat' dir='ltr'><strong>te</strong></span> 
     </span>
     <span class='ocr_line' id='line_1_31' title="bbox 773 3623 1974 3728; baseline -0.003 -20"><span class='ocrx_word' id='word_1_253' title='bbox 773 3629 880 3708; x_wconf 89' lang='lat' dir='ltr'><strong>scribi</strong></span> <span class='ocrx_word' id='word_1_254' title='bbox 902 3625 1038 3728; x_wconf 86' lang='lat' dir='ltr'><strong>posset,</strong></span> <span class='ocrx_word' id='word_1_255' title='bbox 1062 3627 1225 3702; x_wconf 76' lang='lat' dir='ltr'><strong>hasienus</strong></span> <span class='ocrx_word' id='word_1_256' title='bbox 1250 3625 1437 3699; x_wconf 89' lang='lat' dir='ltr'><strong>habuerim.</strong></span> <span class='ocrx_word' id='word_1_257' title='bbox 1488 3623 1582 3700; x_wconf 84' lang='lat' dir='ltr'><strong>Nam</strong></span> <span class='ocrx_word' id='word_1_258' title='bbox 1611 3625 1729 3701; x_wconf 80' lang='lat' dir='ltr'><strong>otiosis</strong></span> <span class='ocrx_word' id='word_1_259' title='bbox 1752 3651 1794 3702; x_wconf 87' lang='lat' dir='ltr'><strong>ac</strong></span> <span class='ocrx_word' id='word_1_260' title='bbox 1822 3631 1974 3728; x_wconf 88' lang='lat' dir='ltr'><strong>vulgari·</strong></span> 
     </span>
     <span class='ocr_line' id='line_1_32' title="bbox 775 3717 1974 3826; baseline -0.006 -20"><span class='ocrx_word' id='word_1_261' title='bbox 775 3727 841 3808; x_wconf 83' lang='lat' dir='ltr'><strong>bur</strong></span> <span class='ocrx_word' id='word_1_262' title='bbox 863 3729 964 3826; x_wconf 88' lang='lat' dir='ltr'><strong>nugis</strong></span> <span class='ocrx_word' id='word_1_263' title='bbox 985 3723 1156 3800; x_wconf 90' lang='lat' dir='ltr'><strong>scribendi</strong></span> <span class='ocrx_word' id='word_1_264' title='bbox 1177 3721 1329 3798; x_wconf 88' lang='lat' dir='ltr'><strong>officium</strong></span> <span class='ocrx_word' id='word_1_265' title='bbox 1349 3747 1421 3798; x_wconf 91' lang='lat' dir='ltr'><strong>non</strong></span> <span class='ocrx_word' id='word_1_266' title='bbox 1442 3717 1509 3797; x_wconf 85' lang='lat' dir='ltr'><strong>eise</strong></span> <span class='ocrx_word' id='word_1_267' title='bbox 1534 3722 1781 3819; x_wconf 85' lang='lat' dir='ltr'><strong>auspicandum</strong></span> <span class='ocrx_word' id='word_1_268' title='bbox 1808 3725 1974 3802; x_wconf 85' lang='lat' dir='ltr'><strong>existima-</strong></span> 
     </span>
     <span class='ocr_line' id='line_1_33' title="bbox 776 3821 1977 3920; baseline -0.005 -18"><span class='ocrx_word' id='word_1_269' title='bbox 776 3828 826 3902; x_wconf 89' lang='lat' dir='ltr'><strong>vi.</strong></span> <span class='ocrx_word' id='word_1_270' title='bbox 877 3824 989 3920; x_wconf 85' lang='lat' dir='ltr'><strong>Cujus</strong></span> <span class='ocrx_word' id='word_1_271' title='bbox 1004 3844 1117 3896; x_wconf 87' lang='lat' dir='ltr'><strong>tamen</strong></span> <span class='ocrx_word' id='word_1_272' title='bbox 1136 3821 1335 3896; x_wconf 86' lang='lat' dir='ltr'><strong>etiamnunc</strong></span> <span class='ocrx_word' id='word_1_273' title='bbox 1355 3845 1375 3895; x_wconf 86' lang='lat' dir='ltr'><strong>a</strong></span> <span class='ocrx_word' id='word_1_274' title='bbox 1400 3821 1590 3895; x_wconf 87' lang='lat' dir='ltr'><strong>reveniam</strong></span> <span class='ocrx_word' id='word_1_275' title='bbox 1606 3843 1732 3918; x_wconf 87' lang='lat' dir='ltr'><strong>rogare</strong></span> <span class='ocrx_word' id='word_1_276' title='bbox 1752 3845 1888 3919; x_wconf 89' lang='lat' dir='ltr'><strong>cogor,</strong></span> <span class='ocrx_word' id='word_1_277' title='bbox 1914 3821 1977 3920; x_wconf 92' lang='lat' dir='ltr'><strong>qui</strong></span> 
     </span>
     <span class='ocr_line' id='line_1_34' title="bbox 779 3918 1976 4014; baseline -0.003 -16"><span class='ocrx_word' id='word_1_278' title='bbox 779 3923 958 3999; x_wconf 89' lang='lat' dir='ltr'><strong>literarum</strong></span> <span class='ocrx_word' id='word_1_279' title='bbox 983 3919 1175 4014; x_wconf 85' lang='lat' dir='ltr'><strong>primordia</strong></span> <span class='ocrx_word' id='word_1_280' title='bbox 1199 3939 1272 3990; x_wconf 93' lang='lat' dir='ltr'><strong>non</strong></span> <span class='ocrx_word' id='word_1_281' title='bbox 1307 3918 1416 4012; x_wconf 85' lang='lat' dir='ltr'><strong>magis</strong></span> <span class='ocrx_word' id='word_1_282' title='bbox 1442 3935 1528 4012; x_wconf 90' lang='lat' dir='ltr'><strong>apto</strong></span> <span class='ocrx_word' id='word_1_283' title='bbox 1561 3937 1765 4013; x_wconf 87' lang='lat' dir='ltr'><strong>argumento</strong></span> <span class='ocrx_word' id='word_1_284' title='bbox 1790 3919 1976 3996; x_wconf 88' lang='lat' dir='ltr'><strong>celebrem.</strong></span> 
     </span>
     <span class='ocr_line' id='line_1_35' title="bbox 783 4009 1978 4112; baseline -0.002 -20"><span class='ocrx_word' id='word_1_285' title='bbox 783 4017 878 4092; x_wconf 91' lang='lat' dir='ltr'><strong>Cum</strong></span> <span class='ocrx_word' id='word_1_286' title='bbox 893 4017 978 4090; x_wconf 85' lang='lat' dir='ltr'><strong>verb</strong></span> <span class='ocrx_word' id='word_1_287' title='bbox 995 4013 1310 4102; x_wconf 62' lang='lat' dir='ltr'><strong>rasomonorum</strong></span> <span class='ocrx_word' id='word_1_288' title='bbox 1325 4016 1338 4099; x_wconf 94' lang='lat'>)</span> <span class='ocrx_word' id='word_1_289' title='bbox 1355 4009 1471 4086; x_wconf 89' lang='lat' dir='ltr'><strong>noster</strong></span> <span class='ocrx_word' id='word_1_290' title='bbox 1485 4031 1547 4086; x_wconf 86' lang='lat' dir='ltr'><strong>uro</strong></span> <span class='ocrx_word' id='word_1_291' title='bbox 1563 4011 1653 4108; x_wconf 78' lang='lat' dir='ltr'><strong>Juisu</strong></span> <span class='ocrx_word' id='word_1_292' title='bbox 1671 4035 1779 4088; x_wconf 89' lang='lat' dir='ltr'><strong>meam</strong></span> <span class='ocrx_word' id='word_1_293' title='bbox 1795 4014 1902 4090; x_wconf 88' lang='lat' dir='ltr'><strong>fidem</strong></span> <span class='ocrx_word' id='word_1_294' title='bbox 1919 4039 1978 4112; x_wconf 87' lang='lat' dir='ltr'><strong>ap·</strong></span> 
     </span>
     <span class='ocr_line' id='line_1_36' title="bbox 779 4109 1983 4212; baseline -0.003 -24"><span class='ocrx_word' id='word_1_295' title='bbox 779 4111 946 4212; x_wconf 75' lang='lat' dir='ltr'><strong>pelleret,</strong></span> <span class='ocrx_word' id='word_1_296' title='bbox 972 4111 1010 4188; x_wconf 76' lang='grc' dir='ltr'><strong>δι</strong></span> <span class='ocrx_word' id='word_1_297' title='bbox 1032 4111 1246 4184; x_wconf 85' lang='lat' dir='ltr'><strong>taciturnitas</strong></span> <span class='ocrx_word' id='word_1_298' title='bbox 1263 4131 1339 4184; x_wconf 84' lang='lat' dir='ltr'><strong>mea</strong></span> <span class='ocrx_word' id='word_1_299' title='bbox 1360 4128 1429 4183; x_wconf 84' lang='lat' dir='ltr'><strong>ture</strong></span> <span class='ocrx_word' id='word_1_300' title='bbox 1448 4109 1703 4186; x_wconf 83' lang='lat' dir='ltr'><strong>benevolentiae</strong></span> <span class='ocrx_word' id='word_1_301' title='bbox 1720 4111 1883 4204; x_wconf 73' lang='lat' dir='ltr'><strong>jaiiuram</strong></span> <span class='ocrx_word' id='word_1_302' title='bbox 1900 4117 1983 4186; x_wconf 86' lang='lat' dir='ltr'><strong>alla·</strong></span> 
     </span>
    </p>
   </div>
   <div class='ocr_carea' id='block_1_5' title="bbox 1903 4229 1982 4284">
    <p class='ocr_par' dir='ltr' id='par_1_5' title="bbox 1903 4229 1982 4284">
     <span class='ocr_line' id='line_1_37' title="bbox 1903 4229 1982 4284; baseline 0.013 -1"><span class='ocrx_word' id='word_1_303' title='bbox 1903 4229 1982 4284; x_wconf 88' lang='lat' dir='ltr'><strong>tura</strong></span> 
     </span>
    </p>
   </div>
   <div class='ocr_carea' id='block_1_6' title="bbox 785 4359 1985 4623">
    <p class='ocr_par' dir='ltr' id='par_1_6' title="bbox 785 4359 1985 4623">
     <span class='ocr_line' id='line_1_38' title="bbox 827 4359 1983 4451; baseline -0.002 -16"><span class='ocrx_word' id='word_1_304' title='bbox 827 4363 893 4451; x_wconf 69' lang='grc' dir='ltr'><strong>(ι)</strong></span> <span class='ocrx_word' id='word_1_305' title='bbox 914 4359 1178 4447; x_wconf 85' lang='lat' dir='ltr'><strong>Fulromonranus]</strong></span> <span class='ocrx_word' id='word_1_306' title='bbox 1209 4361 1399 4441; x_wconf 88' lang='lat' dir='ltr'><strong>Henricus,</strong></span> <span class='ocrx_word' id='word_1_307' title='bbox 1430 4359 1575 4449; x_wconf 79' lang='lat' dir='ltr'><strong>Collega</strong></span> <span class='ocrx_word' id='word_1_308' title='bbox 1598 4361 1694 4446; x_wconf 79' lang='lat' dir='ltr'><strong>Vr&#39;glii</strong></span> <span class='ocrx_word' id='word_1_309' title='bbox 1713 4363 1750 4428; x_wconf 91' lang='lat' dir='ltr'><strong>in</strong></span> <span class='ocrx_word' id='word_1_310' title='bbox 1775 4362 1983 4433; x_wconf 79' lang='lat' dir='ltr'><strong>Afferoratu</strong></span> 
     </span>
     <span class='ocr_line' id='line_1_39' title="bbox 785 4443 1985 4538; baseline -0.003 -18"><span class='ocrx_word' id='word_1_311' title='bbox 785 4447 916 4538; x_wconf 84' lang='lat' dir='ltr'><strong>Spirae,</strong></span> <span class='ocrx_word' id='word_1_312' title='bbox 936 4448 994 4533; x_wconf 91' lang='lat' dir='ltr'><strong>qui</strong></span> <span class='ocrx_word' id='word_1_313' title='bbox 1015 4447 1096 4514; x_wconf 89' lang='lat' dir='ltr'><strong>olim</strong></span> <span class='ocrx_word' id='word_1_314' title='bbox 1111 4445 1319 4532; x_wconf 76' lang='lat' dir='ltr'><strong>biturigibus</strong></span> <span class='ocrx_word' id='word_1_315' title='bbox 1343 4457 1512 4530; x_wconf 91' lang='lat' dir='ltr'><strong>nepotum</strong></span> <span class='ocrx_word' id='word_1_316' title='bbox 1530 4443 1779 4538; x_wconf 73' lang='lat' dir='ltr'><strong>archiepiscopi</strong></span> <span class='ocrx_word' id='word_1_317' title='bbox 1795 4448 1985 4520; x_wconf 82' lang='lat' dir='ltr'><strong>Trcr&#39;uen·</strong></span> 
     </span>
     <span class='ocr_line' id='line_1_40' title="bbox 785 4529 1518 4623; baseline -0.007 -16"><span class='ocrx_word' id='word_1_318' title='bbox 785 4535 826 4607; x_wconf 84' lang='lat' dir='ltr'><strong>iis</strong></span> <span class='ocrx_word' id='word_1_319' title='bbox 845 4545 1046 4623; x_wconf 69' lang='lat' dir='ltr'><strong>preceptor</strong></span> <span class='ocrx_word' id='word_1_320' title='bbox 1063 4529 1188 4602; x_wconf 87' lang='lat' dir='ltr'><strong>fuerat.</strong></span> <span class='ocrx_word' id='word_1_321' title='bbox 1230 4529 1313 4602; x_wconf 77' lang='lat' dir='ltr'><strong>ron.</strong></span> <span class='ocrx_word' id='word_1_322' title='bbox 1335 4546 1367 4601; x_wconf 85' lang='grc' dir='ltr'><strong>ι.</strong></span> <span class='ocrx_word' id='word_1_323' title='bbox 1384 4547 1418 4615; x_wconf 84' lang='lat' dir='ltr'><strong>p.</strong></span> <span class='ocrx_word' id='word_1_324' title='bbox 1442 4545 1518 4618; x_wconf 79' lang='lat'><strong>307.</strong></span> 
     </span>
    </p>
   </div>
   <div class='ocr_carea' id='block_1_7' title="bbox 0 0 2513 5796">
    <p class='ocr_par' dir='ltr' id='par_1_7' title="bbox 0 0 2513 5796">
     <span class='ocr_line' id='line_1_41' title="bbox 0 0 2513 5796; baseline 0 0"><span class='ocrx_word' id='word_1_325' title='bbox 0 0 2513 5796; x_wconf 95' lang='lat' dir='ltr'><strong> </strong></span> 
     </span>
    </p>
   </div>
  </div>
 </body>
</html>
