4680 5828
504 578 774 740 humer.
802 577 1110 687 struma
1136 605 1204 685 ru
1231 549 1564 723 emensos,
1622 615 1679 722 55

475 804 522 860 ne
552 779 765 878 placebant.
798 779 899 877 quod
930 775 1152 876 contorum
1185 776 1324 864 laudem
1358 797 1453 864 tuam
1481 781 1673 870 habebunt,
1787 846 1792 860 ,

475 879 590 974 Cujus
609 876 761 958 studium
775 875 881 960 semel
892 899 959 960 noo
968 874 1109 972 paulelli
1128 897 1315 978 numquam
1334 873 1561 974 deponemus„
1587 881 1673 968 Hoc

472 974 563 1054 scito
578 976 707 1056 numos
727 975 800 1054 hoe
819 997 913 1056 auno
936 971 1042 1070 eque
1069 971 1284 1056 celebratum
1302 995 1431 1056 nomen
1458 975 1607 1058 extitisse
1629 979 1670 1064 in

471 1074 539 1148 bac
563 1071 784 1161 Academia,
817 1090 923 1168 arque
950 1089 1063 1152 tuum·
1121 1071 1298 1180 Maeror
1319 1073 1452 1180 Socinto
1474 1073 1579 1154 valde
1603 1073 1668 1162 ubl

469 1169 625 1250 rimabat
675 1165 826 1345 Colleqa
839 1171 1027 1265 Arrigutr'ur
1045 1165 1490 1255 murmurabundus,
1516 1171 1666 1256 verbum

469 1266 514 1342 de
535 1289 572 1344 te
588 1265 735 1346 nullum·
804 1285 881 1347 uter
896 1266 962 1346 hoe
980 1263 1152 1360 proximu
1170 1263 1294 1344 diebus
1313 1265 1439 1346 acriter
1461 1265 1500 1346 in
1524 1267 1665 1354 cucula

467 1366 673 1442 altercatum
692 1360 761 1450 est,
786 1363 902 1444 acilia
918 1364 1135 1458 legatorum,
1158 1357 1568 1466 fideicommissorumque
1581 1387 1667 1448 ton-
1693 1427 1699 1439 .

465 1459 830 1556 cfffflrgmvillimat
851 1455 1048 1554 inter-iosos
1060 1456 1252 1541 discordias
1268 1459 1416 1546 excivit,
1434 1481 1513 1540 uam
1527 1460 1564 1536 in
1583 1485 1664 1546 oan-

465 1558 547 1632 dem
571 1553 843 1636 controverflum
862 1554 997 1652 semper
1021 1551 1144 1650 pistilli
1159 1556 1196 1631 in
1219 1577 1352 1636 morem
1375 1555 1664 1643 revolvebantur.

467 1652 575 1727 Curtio
608 1649 954 1750 amida-privilegio
978 1648 1046 1730 fuit
1071 1649 1271 1748 disputandi
1295 1651 1492 1742 neceffitaS,
1516 1675 1582 1734 uec
1598 1656 1662 1731 irn-

460 1769 600 1917 fetrare
626 1768 740 1824 tamen
765 1766 931 1848 poterat,
963 1767 1005 1821 trt
1032 1747 1110 1844 post
1136 1748 1314 1822 meridiem
1338 1749 1485 1843 legeret.
1535 1745 1660 1846 ltaque

477 1843 573 1920 attus
597 1845 646 1922 est
666 1869 782 1923 merua
806 1847 971 1922 recitator
1000 1867 1122 1922 eorum
1135 1867 1227 1956 ‘quae
1250 1843 1388 1928 edidit;
1421 1866 1486 1920 nec
1508 1846 1659 1921 verbum
1803 1925 1807 1934 ,

460 1943 591 2028 addit,
618 1939 704 2020 'etim
728 1962 844 2020 tamen
867 1943 926 2015 alii
947 1944 986 2014 in
1005 1943 1163 2038 repetitus
1188 1939 1469 2037 praelediionibus
1480 1990 1493 2026 ,
1526 1963 1659 2018 novum

460 2039 505 2112 ad
525 2038 655 2134 scripta
668 2035 728 2110 sua
750 2035 945 2111 adferentes
964 2039 1158 2131 judicium,
1181 2038 1348 2133 pleraque
1368 2035 1495 2114 recline
1521 2042 1660 2115 tradere

459 2131 605 2214 soleant.
652 2132 749 2242 Audi
772 2131 881 2212 modo
904 2133 989 2228 quid
1014 2155 1081 2228 ego
1101 2156 1145 2206 ex
1167 2133 1221 2213 tui
1248 2134 1381 2233 negotii
1402 2136 1657 2300 Erocuratione

457 2229 550 2341 lucri
579 2251 786 2326 accepemm.
838 2226 931 2303 Cium
955 2248 1057 2303 antea
1081 2229 1142 2303 hic
1165 2229 1250 2308 mihi
1274 2230 1313 2306 δι
1335 2229 1400 2302 Mu
1428 2251 1442 2339 u
1467 2252 1656 2320 canerem,

455 2323 1507 2533 {ultimumdussuiuuudlullinl?
1518 2327 1656 2518 {litu

454 2517 694 2618 inplicationem
706 2540 896 2688 tprovincia
918 2519 1079 2594 mandata
1103 2537 1192 2601 erat,
1219 2541 1288 2615 ego
1306 2515 1477 2593 successor
1494 2517 1650 2618 defigna·

454 2636 510 2692 tus
526 2614 622 2704 sum,
645 2613 705 2690 sua
730 2613 990 2712 entibusque'&
1005 2615 1264 2712 impellentibus
1284 2617 1402 2690 amicis
1420 2612 1549 2688 arrenfi.
1600 2617 1653 2694 Et

453 2709 619 2792 bullenus
636 2735 716 2794 meo
731 2735 872 2794 munere
894 2711 974 2787 satie
992 2709 1143 2788 feliciter
1155 2711 1230 2787 sum
1251 2710 1412 2798 fundus,
1436 2709 1570 2787 tametsi
1587 2715 1649 2788 ad·

454 2806 641 2884 versarium
660 2809 808 2883 habeam
832 2807 973 2888 dottam
989 2809 1151 2906 quidem,
1176 2807 1325 2882 sednon
1352 2811 1464 2880 minus
1488 2807 1650 2886 ambitio·

453 2903 555 2991 suro,
580 2927 688 3002 atque
709 2907 811 2980 etiam
830 2906 945 2980 civem
966 2901 1195 2990 Patauinum,
1220 2904 1409 2980 domestico
1432 2901 1555 2980 favore
1573 2930 1650 2982 mu·

452 3002 573 3075 ninum.
621 3002 744 3077 Didici
766 3003 884 3098 itaque'
902 2999 1082 3097 &ipsein
1100 3001 1240 3076 circulis
1256 3001 1426 3076 altercari.
1458 2997 1650 3079 Reilorem

453 3100 543 3172 nesii
558 3095 670 3174 sumus
687 3122 759 3173 non
776 3097 825 3172 sat
848 3097 959 3172 causae
975 3118 1045 3171 tuae
1063 3097 1259 3183 faventem,
1282 3099 1458 3193 agitatque
1476 3095 1520 3173 de
1545 3120 1647 3174 revo-

452 3195 696 3290 candoPoriſso
721 3195 815 3292 (2),
839 3192 899 3269 sed
916 3191 1040 3267 frustra
1059 3213 1228 3290 quantum
1245 3195 1362 3272 adhuc
1385 3195 1539 3288 colligo,
1563 3194 1647 3270 crim

452 3295 546 3365 nulla
564 3293 662 3388 apud
675 3287 866 3364 prefectos
886 3287 1072 3384 Gymnafii
1086 3291 1197 3388 gratia
1213 3291 1356 3385 polleat.
1393 3289 1512 3365 Credo
1530 3313 1646 3368 aurem

451 3385 578 3464 esurire
599 3390 798 3473 hominem,
822 3387 860 3462 &
875 3383 1079 3482 expediere,
1104 3406 1147 3460 ut
1169 3409 1235 3460 nos
1256 3387 1299 3460 al'
1328 3409 1373 3460 ua
1390 3387 1643 3480 pollicitatione

451 3484 488 3554 in
507 3485 658 3560 nostram
679 3483 792 3582 ipsum
817 3480 1018 3556 sententiam
1046 3483 1280 3565 deducamus,
1320 3484 1364 3556 ed
1383 3507 1438 3556 ree
1468 3504 1540 3558 non
1571 3507 1642 3560 arn·

448 3579 543 3677 plius
574 3603 684 3678 penes
712 3601 792 3652 eum
818 3575 891 3665 est,
924 3575 961 3650 de
985 3580 1211 3655 Advocatum
1234 3577 1400 3652 babemus
1423 3577 1648 3662 Formarum,

448 3681 624 3846 quendam
640 3681 703 3774 qui
722 3676 880 3749 Veneriis
899 3671 1098 3769 postulandi
1118 3699 1245 3754 munus
1264 3696 1426 3748 exercere
1445 3673 1563 3768 coeplr.
1589 3671 1640 3749 Et

340 3793 351 3801 ·
497 3775 580 3870 quid
598 3799 690 3870 opus
709 3771 775 3847 ess'e
797 3773 1087 3859 intellexerimus,
1112 3773 1206 3846 illius
1229 3769 1351 3844 favore
1371 3771 1518 3864 aliquam
1541 3771 1641 3853 inve·
1765 3850 1771 3868 ⁸

445 3873 579 3946 niemuu
603 3873 794 3958 rationem,
818 3890 888 3966 qua
911 3867 955 3943 ab
980 3867 1057 3968 ipso
1080 3871 1305 3966 impetremus
1328 3891 1372 3954 ne
1388 3863 1497 3940 cause
1512 3863 1639 4036 mellifer

1539 3985 1563 4034 o
1601 3983 1640 4036 ut.

487 4145 554 4229 (a)
578 4145 721 4231 Porifio]
749 4143 788 4213 'Is
808 4145 855 4214 est
876 4145 985 4212 Porrus
1013 4141 1130 4209 Paulus
1151 4138 1287 4222 Potffius
1306 4137 1363 4222 qni
1391 4137 1436 4204 ob
1460 4139 1635 4234 celebrem

437 4230 718 4316 jurisprudentiae
746 4231 888 4307 famam,
910 4232 947 4295 in
968 4226 1174 4295 nobilifflmis
1197 4224 1304 4291 ltaliae
1320 4222 1491 4290 cathedrae
1506 4219 1637 4306 spella·
1678 4243 1683 4258 ·

445 4329 497 4380 tue
517 4315 609 4393 fuit,
637 4333 677 4382 ut
697 4313 745 4383 est
766 4315 802 4380 in
834 4317 906 4400 ejus
928 4314 1021 4398 epita
1048 4312 1104 4376 bio
1134 4309 1226 4394 apud
1244 4307 1391 4372 Mrraum
1411 4313 1444 4370 in
1457 4303 1560 4401 stripe
1574 4306 1633 4390 set.

443 4396 540 4465 XVI.
561 4399 643 4482 opud
656 4400 825 4466 Fabricium
839 4415 875 4482 p.
899 4401 970 4484 148.
1039 4396 1091 4464 uit
1110 4392 1188 4484 post
1208 4391 1242 4460 S.
1263 4389 1306 4460 R.
1325 4389 1365 4458 E.
1386 4387 1578 4460 Condamus
1597 4387 1635 4461 nbc

445 4481 529 4552 obiit
553 4499 606 4553 au.
628 4501 726 4571 1545·
740 4495 834 4552 aetat.
853 4498 907 4570 7²·
