4882 5804
641 600 671 690 s
729 593 1460 716 208V1GLIIABAYTTA
1492 603 1873 710 ZUICHEMI

555 850 664 924 my,
738 808 886 900 nuncius
910 807 996 882 mihi
1024 803 1308 906 proiestd'aeque
1340 803 1514 892 acerbus,
1546 803 1651 882 vobis
1675 804 1785 896 dnbio
1813 810 1956 904 procul

553 927 652 988 nones·
737 909 892 982 omnium
908 903 1126 989 tristissimus,
1151 903 1195 976 de
1213 901 1367 998 parentis
1383 900 1404 994 †
1423 899 1446 976 ὲ
1462 903 1537 980 sita
1552 899 1709 977 discess‘u.
1758 902 1850 980 cum
1873 907 1939 984 ita·

556 1003 694 1086 ruggeri.
740 1027 810 1100 que
834 999 925 1078 hisce
951 1000 1085 1077 casibus
1111 995 1267 1072 futurum
1295 995 1541 1084 existimarem,
1565 1018 1606 1072 ut
1619 997 1809 1076 studiorum
1827 999 1937 1076 confi·

739 1104 936 1193 lioromque
952 1098 1148 1174 vestrorum
1166 1095 1320 1168 instituta
1331 1095 1401 1168 alid
1418 1092 1662 1183 lederentur,
1673 1119 1767 1172 nova
1780 1092 1849 1171 foit
1866 1121 1940 1176 non

742 1195 915 1272 scribendi
936 1197 983 1269 ad
1005 1217 1071 1268 vos
1087 1192 1174 1266 mihi
1194 1189 1306 1266 caula
1354 1189 1423 1263 Sed
1447 1212 1562 1267 tamen
1583 1195 1652 1287 jam
1673 1193 1790 1288 aliquo
1808 1190 1940 1273 effluxo

745 1314 905 1386 tempore
924 1289 1021 1388 quod
1042 1291 1080 1367 δι
1098 1287 1256 1362 dolorem
1272 1281 1424 1362 vestrum
1437 1289 1545 1362 lenire
1561 1286 1703 1371 debuit,
1728 1291 1766 1366 δι
1783 1312 1856 1386 quo
1866 1295 1938 1388 pm

746 1389 976 1486 inposterum
993 1386 1138 1459 vivendi
1156 1383 1327 1458 rationem
1341 1384 1551 1458 constituere
1630 1382 1761 1471 ruistis,
1784 1384 1940 1462 officium

745 1511 766 1559 a
794 1483 895 1559 vobis
921 1503 1037 1556 meum
1057 1481 1186 1556 diutius
1212 1477 1395 1554 deiiderari
1423 1501 1494 1556 uon
1523 1477 1559 1556 su
1594 1483 1599 1494 '
1627 1483 1675 1555 ui.
1732 1479 1819 1556 Nou
1845 1484 1942 1560 lubet

745 1604 863 1656 aorem
889 1579 978 1663 ribi,
1001 1579 1048 1650 mi
1071 1578 1207 1672 Georgi,
1231 1597 1347 1652 meum
1370 1598 1466 1652 nunc
1489 1599 1534 1654 ex
1552 1575 1731 1676 utriusque
1751 1577 1851 1654 obitu
1875 1579 1941 1657 sus·

744 1697 888 1775 ceptum
918 1676 1076 1752 dolorem
1098 1693 1294 1768 exponere,
1318 1688 1380 1746 aot
1402 1691 1501 1780 tuum
1522 1673 1640 1747 verbis
1663 1674 1832 1772 mitigare.
1882 1677 1942 1752 Se·
1979 1697 1980 1704 ’

747 1797 823 1847 rum
836 1775 928 1846 enim
945 1791 1051 1868 atque
1064 1766 1345 1864 intempestivum
1362 1765 1432 1843 hoc
1449 1792 1565 1843 meum
1581 1767 1735 1845 officium
1749 1769 1876 1860 inerit,
1893 1772 1942 1849 ad

747 1872 841 1965 qood
868 1871 915 1941 ita
939 1869 991 1940 oti
1014 1862 1116 1940 decet
1132 1862 1350 1938 tradlandum
1373 1885 1444 1938 nou
1467 1865 1546 1940 satis
1569 1862 1640 1938 suro
1661 1866 1820 1942 idoneus.
1870 1868 1959 1944 Sed·

773 1986 943 2060 uanquam
959 1961 1049 2036 nihil
1065 1980 1186 2056 putem
1198 1981 1289 2056 opus
1309 1957 1398 2048 elle,
1423 1959 1461 2035 id
1478 1982 1593 2036 tamen
1610 1983 1679 2057 pro
1699 1966 1811 2038 veteri
1827 1964 1959 2040 nostra·
1976 1957 1979 1964 ’

746 1990 979 2136 familiaritate
996 2077 1032 2132 te
1050 2059 1147 2132 volui
1164 2055 1319 2140 hortari,
1342 2078 1384 2132 ut
1399 2060 1539 2153 quando
1560 2057 1608 2131 ita
1628 2057 1709 2134 Deo
1728 2058 1839 2135 visum
1854 2057 1959 2155 fuit,¹

749 2181 792 2234 ut
811 2177 961 2254 utroque
978 2157 1061 2228 vitae
1077 2155 1209 2228 rediere
1224 2172 1369 2250 parente
1382 2151 1482 2229 simul
1498 2173 1535 2229 at
1560 2177 1603 2227 ue
1614 2175 1832 2252 praeceptore
1845 2158 1947 2233 orba·

749 2255 863 2337 beris,
888 2273 929 2325 to
951 2247 1026 2347 ipse
1044 2269 1137 2322 tuam
1158 2249 1315 2323 intueare
1331 2271 1479 2326 aetatem.
1528 2177 1623 2344 διε
1645 2257 1717 2348 jam
1734 2253 1779 2328 ad
1799 2251 1945 2329 Adoles·

749 2351 873 2426 centiae
888 2365 1014 2422 metm
1024 2348 1248 2441 pertingens,
1272 2347 1407 2422 virilem
1425 2370 1447 2421 a
1463 2367 1499 2420 te
1508 2349 1717 2444 propediem
1734 2352 1882 2424 minum
1894 2373 1956 2424 re·-

751 2448 877 2542 quirit‚
893 2443 1023 2516 scilicet
1049 2465 1087 2516 ut
1110 2463 1182 2516 tuae
1205 2439 1279 2538 ipse
1298 2445 1439 2516 modum
1460 2440 1594 2531 serves,
1618 2445 1688 2518 tuis
1705 2443 1779 2538 ipse
1795 2447 1946 2541 negotiis

750 2537 952 2616 commodis
969 2561 1013 2610 ue
1027 2539 1204 2622 intendas,
1231 2534 1268 2609 δι
1285 2533 1356 2610 sine
1371 2537 1502 2610 cortice
1527 2534 1649 2632 (quod
1666 2538 1815 2635 dicitur)
1830 2561 1948 2618 natare

748 2635 924 2712 affuescas.
945 2561 1224 2707 i’ulcherrimum
1239 2649 1355 2706 autem
1370 2633 1470 2707 istum
1487 2631 1677 2708 studiorum
1694 2633 1832 2710 cursum
1847 2639 1946 2714 nullo

747 2733 831 2808 casu
849 2732 1051 2826 interrumpi
1072 2747 1216 2825 patere,
1242 2725 1322 2802 crim
1337 2750 1398 2804 eos
1422 2733 1493 2826 jam
1512 2727 1711 2828 progreffos
1733 2727 1857 2830 feceris
1869 2784 1882 2821 ,
1906 2754 1947 2810 ut

752 2833 888 2928 privata
905 2824 1119 2901 institutione
1140 2827 1235 2898 haud
1251 2825 1337 2898 adeo
1355 2829 1501 2899 multum
1519 2827 1585 2900 tibi
1602 2825 1643 2902 lit
1660 2849 1775 2924 opus,¹
1795 2829 1946 2925 publicis

750 2952 837 3002 vero
859 2923 1073 2999 Doiioribus
1097 2921 1218 2994 Italica
1237 2917 1428 3018 Gymnaiia
1453 2919 1642 2998 abundent.
1693 2923 1947 3002 Hereditatem

748 3026 837 3098 verd
863 3025 912 3096 ita
928 3021 1076 3115 amplam
1098 3015 1256 3107 crevisti,
1279 3003 1318 3090 rit
1334 3019 1369 3093 δι
1386 3020 1552 3092 librorum
1567 3017 1721 3094 ditissima
1733 3018 1946 3116 supelleedle

749 3121 915 3196 instruere
933 3139 968 3188 te
986 3117 1126 3199 valeas,
1149 3114 1337 3208 caeterique
1352 3113 1496 3208 literarii
1510 3113 1668 3213 sumptus
1682 3115 1856 3194 uberrime
1865 3118 1948 3217 sup·

750 3236 884 3314 petant
917 3209 998 3285 Nec
1012 3209 1134 3284 desunt
1150 3213 1282 3283 interea
1298 3212 1441 3304 legitimi
1456 3231 1631 3287 curatores
1654 3215 1854 3309 patrimonii
1872 3219 1947 3306 tui,

779 3313 814 3383 ui
840 3311 872 3386 ei
904 3331 945 3381 au
974 3308 1066 3380 endo
1095 3307 1296 3400 diligentius
1323 3305 1425 3400 quim
1457 3327 1495 3379 ιιι
1521 3306 1593 3404 ipse
1618 3331 1723 3403 queas
1749 3311 1950 3409 invigilent.

752 3337 922 3498 Quorum
946 3330 972 3476 i
996 3425 1031 3478 te
1062 3399 1202 3476 sortaile
1225 3403 1389 3477 volontas
1415 3404 1460 3476 ab
1482 3405 1592 3479 literis
1613 3407 1807 3494 revocarir;
1834 3413 1872 3482 t'u
1897 3431 1956 3503 ιιι

753 3503 897 3578 menda
916 3519 1078 3597 operam,
1105 3499 1151 3568 mi
1168 3499 1299 3592 Georgi,
1324 3521 1367 3570 ne
1387 3517 1441 3572 tot
1455 3521 1625 3574 annorum
1639 3499 1748 3576 studia
1764 3503 1830 3576 tibi
1845 3505 1959 3604 depe·'

757 3617 867 3672 reant.
919 3595 1045 3670 Latine
1068 3612 1181 3667 autern
1205 3595 1380 3690 loquendo
1396 3591 1643 3692 scribendoque
1659 3619 1781 3694 parata
1803 3597 1964 3678 facultas.

753 3715 932 3792 utcunque
950 3692 1092 3766 retineri
1109 3687 1235 3785 potest.
1286 3687 1413 3786 Neque
1435 3693 1526 3765 ullus
1546 3693 1612 3766 erit
1626 3693 1722 3781 dios,
1746 3697 1803 3769 cui
1821 3716 1859 3771 to
1877 3721 1966 3773 non=

754 3815 884 3887 queas,
909 3808 1227 3886 quantumcumque
1254 3787 1330 3860 aliis
1348 3787 1499 3862 intentus
1515 3791 1682 3886 negotiis,
1706 3792 1864 3866 honrlam
1890 3796 1968 3872 dee·

756 3911 819 3962 cer
846 3911 924 3969 ere,
951 3905 1054 3980 quam
1088 3881 1194 3956 alicui
1225 3884 1367 3978 egregio
1395 3882 1554 3982 scriptori
1583 3886 1734 3981 legendo
1760 3890 1951 3984 impendas.

850 3985 885 4055 io
904 4001 1022 4052 sutem
1043 3973 1105 4052 etsi
1128 4000 1200 4052 non
1223 3980 1354 4069 multa,
1378 3997 1509 4055 attenta
1527 4001 1661 4068 umen,
1686 3984 1874 4077 plurimum
1895 3987 1971 4080 stiffi,

763 4080 838 4152 lum
863 4073 1013 4173 adjuvat
1062 4073 1157 4148 Bene
1180 4075 1259 4148 vale
1286 4074 1324 4149 δι
1349 4095 1404 4149 me
1427 4099 1516 4151 ama
1569 4078 1625 4152 Ita
1651 4099 1765 4154 autem
1787 4105 1844 4157 me
1871 4107 1893 4158 a
1917 4094 1968 4161 te?

760 4173 871 4247 amari
893 4168 1106 4268 intelligam,
1131 4167 1156 4242 li
1180 4166 1225 4244 de
1248 4168 1393 4267 reliquae
1415 4173 1500 4247 vitae
1522 4190 1594 4248 tuae
1616 4171 1797 4270 proposito
1820 4179 1966 4274 aliquid,

756 4266 805 4346 ad
820 4290 875 4345 me
889 4265 1077 4368 scripseris.
1102 4263 1236 4346 Datum
1248 4261 1371 4366 Spin.
1396 4267 1562 4348 Calendis
1578 4271 1719 4348 Martiis
1733 4293 1826 4349 anno
1850 4267 1970 4370 1536(

1842 4515 1969 4674 nii
