4680 5828
656 686 718 788 at
760 675 1013 816 ‚vtonn
1038 700 1109 774 aa
1136 675 1392 776 arara
1426 666 1806 814 autumnum

661 876 758 975 apud
781 875 825 950 A.
852 873 996 949 Gellium.
1049 877 1183 952 Seruius
1205 871 1284 950 sane
1309 873 1483 970 Sulpitiur,
1508 875 1571 972 qui
1589 873 1691 952 notas
1711 879 1748 956 iu
1780 880 1869 955 Sca·
1932 889 1934 894 '

662 973 764 1048 uolam
784 968 940 1068 scripsit,
967 968 1127 1068 apprime
1151 992 1224 1047 etat
1242 970 1446 1046 Dialecticae
1469 974 1620 1070 peritus.
1648 972 1709 1050 Tu
1725 973 1874 1074 itaque,

662 1064 867 1145 Dubiisstme
895 1068 1113 1155 Ameriachi,
1151 1065 1414 1142 stMethodum
1436 1091 1544 1144 vocas
1576 1092 1687 1144 artem
1712 1071 1866 1170 aliquam

663 1165 805 1262 qualem
827 1163 892 1238 tibi
912 1160 1022 1238 modo
1048 1161 1243 1259 descripfi,
1276 1160 1402 1238 srustra
1426 1187 1501 1242 eam
1524 1167 1731 1263 requirimus
1756 1191 1864 1264 quarn

663 1267 733 1359 jam
754 1261 816 1334 diu
841 1260 1035 1334 habuimus.
1086 1260 1123 1334 Si
1143 1261 1334 1358 intelligis,
1358 1283 1397 1336 ut
1422 1285 1463 1337 ea
1481 1265 1702 1362 expoliatur,
1727 1261 1799 1338 sum
1819 1264 1869 1338 sa·

667 1358 718 1432 nd
736 1359 849 1432 intua
871 1355 1064 1446 sententia,
1094 1360 1164 1454 jam
1188 1359 1280 1433 euim
1308 1359 1367 1434 illu
1389 1357 1506 1432 multis
1533 1363 1639 1434 velut
1655 1363 1797 1434 zizaniis
1821 1359 1868 1436 iic

667 1455 719 1528 est
734 1455 862 1530 obruta
883 1475 924 1528 ut
944 1456 1006 1529 vix
1021 1473 1196 1550 appareat.
1246 1454 1365 1549 Quam
1380 1459 1488 1533 multa
1506 1457 1598 1530 enirn
1618 1458 1654 1529 in
1671 1453 1867 1532 Volumini·

667 1551 735 1628 bus
763 1548 888 1624 nostris
913 1550 1167 1648 supervacanea
1192 1547 1310 1625 effecit
1330 1573 1444 1626 rerum
1473 1575 1680 1650 morumque
1701 1555 1870 1643 mutatio,

670 1665 751 1744 quae
772 1644 878 1721 recisa
906 1646 930 1720 st
958 1643 1086 1733 essent,
1119 1669 1190 1720 non
1217 1650 1303 1722 levis
1330 1650 1368 1720 in
1395 1647 1561 1723 discendd
1588 1651 1688 1724 labor
1715 1647 1870 1726 studiosis

671 1746 892 1818 adimeretur.
941 1738 1141 1837 Progressus
1159 1741 1234 1818 sum
1252 1744 1311 1818 lou
1339 1743 1391 1815 ius
1407 1767 1508 1838 quam
1525 1747 1787 1840 constitueram,
1812 1748 1871 1822 sed

697 1841 836 1914 uoniam
854 1862 910 1911 me
937 1838 1041 1936 jubes
1063 1840 1288 1914 instaurandis
1312 1767 1431 1912 fiudiis
1463 1836 1607 1924 adesse,
1641 1862 1712 1913 nou
1747 1843 1872 1917 leviter
1962 1855 1963 1858 ’

670 1863 751 2010 Faue
770 1959 833 2009 tuo
849 1938 984 2012 calcare
1000 1932 1156 2011 incensus
1172 1937 1263 2033 coepi
1278 1933 1469 2030 dispicere,
1494 1938 1579 2032 quid
1595 1937 1629 2009 in
1647 1933 1729 2030 ipfis
1749 1935 1871 2014 studiis

673 2031 865 2130 collapsum
881 2030 982 2120 effdt,
1007 2055 1048 2106 ac
1072 2029 1152 2109 cium
1170 2033 1351 2129 epistolum
1367 2055 1461 2106 tuam
1481 2031 1605 2127 saepius
1624 2037 1812 2127 relegerem
1828 2037 1873 2111 de

673 2130 853 2205 Methodo
871 2127 987 2222 Juris,
1012 2128 1171 2203 lubenter
1194 2129 1307 2203 ansam
1324 2131 1479 2225 arripui,
1503 2149 1543 2201 ut
1565 2127 1638 2226 ipse
1658 2130 1819 2226 quaedam
1834 2133 1885 2205 in·

675 2227 829 2301 medium
857 2222 1051 2299 adferendo
1080 2247 1176 2297 tuam
1201 2223 1404 2298 sententiam
1427 2226 1641 2323 proliciam,
1674 2249 1778 2323 atque
1796 2251 1817 2300 a
1837 2249 1873 2303 te

675 2325 897 2420 intelligam,
922 2343 992 2418 qua
1017 2339 1091 2394 arte
1110 2318 1294 2408 instaurari
1320 2321 1433 2396 studia
1463 2322 1578 2397 nostra
1603 2343 1745 2414 queant.
1794 2321 1874 2398 Erit
1992 2370 2003 2388 ·

677 2437 795 2494 autem
822 2417 900 2493 haec
925 2413 1103 2513 inquisttio
1130 2440 1202 2490 non
1224 2417 1352 2494 inutilis
1379 2420 1535 2512 utrique,
1559 2420 1620 2492 vel
1646 2422 1749 2493 etiam
1777 2421 1872 2506 aliis,

677 2518 741 2609 qui
763 2515 875 2588 solent
908 2515 953 2586 ali
979 2513 1097 2598 uando
1129 2512 1284 2587 discendi
1321 2515 1489 2586 rationem
1518 2531 1538 2586 a
1569 2513 1672 2586 nobis
1701 2514 1870 2608 flagitare.

680 2611 828 2706 Quare,
850 2539 1037 2685 doelifflne
1056 2613 1106 2684 l).
1131 2609 1337 2692 Amerbucbi,
1354 2606 1510 2705 ignosces
1529 2608 1672 2704 ineptiis
1692 2611 1798 2700 meis,
1824 2633 1873 2686 at·
1956 2665 1959 2672 -

678 2732 750 2806 que
766 2707 940 2794 libertati,
965 2730 1036 2804 qua
1062 2725 1099 2780 te
1121 2707 1232 2778 audeo
1257 2727 1451 2800 provocare
1466 2702 1677 2778 utlaborem
1694 2728 1765 2780 non
1783 2707 1874 2784 refu·

679 2808 755 2902 giau
779 2801 953 2902 copiosius
970 2803 1056 2875 mihi
1073 2803 1287 2897 explicandae
1310 2799 1487 2874 sententiae
1510 2820 1580 2873 tuae
1604 2799 1699 2876 circa
1727 2801 1878 2902 discipli-

680 2924 762 2978 nam
780 2924 875 2990 eam,
899 2901 996 2998 cujus
1012 2920 1081 2995 ego
1091 2896 1164 2970 sutn
1181 2899 1284 2972 valde
1302 2895 1490 2986 studiosus,
1515 2917 1555 2971 tu
1568 2917 1655 2972 veto
1668 2899 1772 2998 jarna
1788 2905 1878 2980 mul·

681 3001 729 3075 tis
760 3000 858 3073 annis
881 2999 1095 3072 excellenter
1119 2993 1253 3070 doetus.
1302 2991 1387 3068 Hoc
1410 2994 1514 3069 etiarn
1541 2993 1736 3092 adjiciam,
1770 2997 1876 3072 Com·

682 3096 930 3172 mentatiorum
952 3114 1095 3190 quoque
1122 3111 1244 3190 optare
1271 3114 1326 3167 me
1349 3091 1491 3165 modum
1522 3091 1708 3187 aliquem,
1740 3096 1875 3172 imo&

684 3191 829 3268 omnind
854 3191 955 3264 aliam
980 3187 1234 3262 commentandi
1253 3191 1433 3264 rationem.
1483 3185 1571 3262 Sunt
1589 3209 1703 3264 antem
1723 3193 1785 3289 qui
1800 3193 1876 3266 nul·

683 3293 755 3363 lam
774 3289 920 3362 omnind
943 3287 1265 3381 interpretationem
1292 3284 1508 3370 admittunt,
1538 3283 1628 3358 moti
1652 3309 1693 3358 ea
1720 3289 1877 3374 ratione,

685 3385 784 3481 quod
802 3383 877 3480 ejus
898 3383 1039 3457 licentia
1057 3381 1190 3454 infinita
1215 3381 1291 3455 baec
1314 3379 1376 3456 fiat
1400 3379 1607 3552 disciplina,
1633 3381 1712 3456 cium
1737 3386 1876 3483 legum,

685 3503 835 3578 quarum
849 3478 1005 3555 certaest
1019 3479 1230 3565 authoritas,
1249 3499 1428 3552 numerum
1446 3479 1490 3551 ha
1516 3499 1632 3551 eamus
1643 3503 1713 3552 non
1729 3483 1776 3554 ita
1791 3486 1879 3556 mul·

685 3582 732 3658 tis
756 3578 854 3650 libris
878 3572 1108 3660 conclusum,
1141 3593 1246 3668 atque
1270 3575 1374 3648 etium
1396 3575 1482 3648 illud
1511 3571 1655 3649 vetuisse
1673 3575 1878 3675 Jufliuiunus

686 3675 854 3750 creditur.
904 3669 975 3744 Sed
992 3668 1086 3744 certe
1107 3691 1176 3762 ego
1198 3691 1269 3743 uon
1286 3671 1394 3745 video
1414 3671 1563 3766 qualiter
1579 3668 1650 3748 fine
1676 3675 1880 3770 itrterpreta·

686 3774 784 3847 tione
809 3765 994 3844 consistere
1018 3765 1201 3862 disciplina
1223 3761 1340 3838 nostra
1367 3766 1519 3862 poterit,
1543 3790 1583 3841 ea
1608 3771 1701 3842 enim
1729 3768 1879 3845 maxime

686 3869 870 3966 oequitati,
894 3888 998 3960 quant
1017 3862 1152 3958 semper
1168 3882 1248 3937 ante
1265 3863 1389 3936 oculos
1414 3862 1542 3937 habere
1556 3864 1738 3952 debemus,
1762 3889 1880 3962 patro·

687 3967 845 4048 cinatur,
871 3958 941 4035 fine
960 3981 1027 4056 qua
1046 3959 1148 4032 nimis
1164 3955 1250 4031 dura
1266 3956 1302 4031 &
1318 3959 1430 4053 rigida
1447 3961 1513 4033 erit
1536 3961 1613 4051 lex,
1638 3961 1717 4035 citm
1741 3963 1784 4038 de
1803 3961 1880 4060 ejus

687 4057 914 4156 disposttione
930 4054 1021 4150 saepe
1038 4055 1085 4128 ob
1101 4054 1245 4128 rationis
1259 4053 1492 4133 diverfitaten
1520 4057 1763 4154 interpretatio
1786 4062 1881 4135 exci-

717 4157 784 4243 iat,
806 4155 889 4238 vel,
906 4174 947 4227 ut
968 4175 1031 4224 nos
1054 4152 1255 4248 loquimur,
1280 4151 1417 4226 limitet.
1467 4150 1543 4245 Janr
1567 4150 1605 4225 &
1627 4157 1793 4249 pleraque
1804 4179 1881 4230 uon

687 4179 742 4326 sat
758 4251 946 4326 convenire
965 4249 1147 4334 videntur,
1174 4271 1255 4344 quae
1273 4269 1339 4342 per
1356 4249 1675 4346 interpretationem
1693 4252 1879 4325 concilian-

689 4365 759 4422 tur.
808 4343 932 4418 Multae
954 4345 1036 4418 item
1059 4344 1192 4441 species
1216 4343 1374 4442 incidunt
1399 4346 1437 4417 in
1454 4343 1533 4419 soro
1553 4347 1597 4420 ad
1615 4367 1701 4439 quas
1716 4347 1812 4441 leges
1831 4351 1881 4421 in·

688 4443 829 4518 tendum
845 4441 1004 4538 quaedam
1032 4441 1175 4515 obtorto
1196 4441 1289 4514 collo
1301 4443 1519 4524 eraduntur,
1555 4464 1635 4514 cum
1659 4439 1816 4537 expresse
1841 4442 1882 4520 dt

689 4539 893 4620 nominatim
915 4539 952 4616 in
975 4539 1046 4614 illis
1073 4560 1144 4621 uon
1166 4538 1376 4635 reperiamus
1401 4538 1530 4636 aliquid
1553 4534 1744 4614 definitum.
1805 4539 1890 4614 Eris

1232 4679 1248 4710 ι.
1778 4638 1885 4733 igibus
