4882 5804
626 589 819 692 anst.
847 583 1150 691 samona
1176 561 1714 708 monansos123
1839 499 1842 504 ⁵

512 785 690 865 felicitate
714 779 895 864 manifeste
928 783 1196 882 comprobavit,
1227 787 1286 862 uel
1316 786 1461 860 Momus
1483 783 1574 881 ipse,
1611 779 1709 956 guod

514 885 759 982 tepraehendat
786 883 946 958 invenire
976 877 1120 978 ροΙ1ιι1
1157 875 1245 972 Quo
1275 886 1384 1050 magis
1413 882 1521 954 miror
1553 883 1614 978 qui
1668 882 1711 956 fir

514 979 585 1056 hoc
609 983 704 1078 quod
732 980 816 1054 mihi
844 979 889 1052 de
920 975 1191 1075 saltzburgensis
1222 975 1329 1053 Eccle
1343 1001 1386 1052 ιω
1411 979 1599 1052 Canonicis
1624 1002 1709 1053 cona

511 1079 698 1174 queretis,
729 1077 789 1170 qui
812 1073 876 1148 soli
899 1075 1082 1161 damnant,
1106 1073 1203 1170 qood
1235 1075 1280 1148 ab
1308 1069 1467 1148 omnibus
1491 1073 1597 1170 pleno
1622 1099 1705 1164 otc,

512 1189 635 1267 totque
673 1171 961 1266 gratulationibus
1002 1171 1237 1267 approbatum
1280 1169 1340 1244 est.
1384 1166 1496 1260 ¹Absit
1537 1173 1626 1245 vero
1668 1191 1708 1248 ut

512 1267 589 1354 illi,
623 1271 682 1342 vel
706 1265 875 1352 mvidiae,
907 1269 964 1340 vel
991 1266 1147 1340 avaritiae
1181 1263 1284 1340 causa
1305 1267 1423 1362 impiae
1447 1265 1548 1361 hujus
1571 1266 1708 1342 senten·

512 1365 574 1439 tiae
598 1364 761 1440 authores
785 1361 882 1435 fiant.
939 1361 1010 1436 Sed
1040 1363 1195 1436 nondum
1228 1361 1375 1438 fortallls
1406 1361 1498 1436 teile
1524 1381 1623 1438 muta
1651 1385 1711 1440 res

514 1459 558 1533 ab
578 1459 648 1534 illis
677 1457 850 1555 perpensa
872 1478 977 1555 atque
1004 1459 1199 1532 examinata
1223 1455 1302 1544 est,
1335 1459 1373 1534 δι
1405 1459 1498 1530 aliud
1530 1455 1708 1548 sentient,

514 1553 579 1630 ubi
599 1555 660 1628 dili
685 1557 798 1629 entius
827 1555 1038 1650 cogitarint,
1063 1553 1331 1650 posterioribus,
1356 1569 1397 1626 ut
1422 1551 1537 1652 inqgit
1562 1539 1708 1649 provit-

513 1649 635 1734 bium,
660 1577 804 1746 iemper
830 1649 1057 1735 melioribus,
1082 1648 1120 1721 dt
1145 1651 1211 1746 qui¹
1226 1669 1329 1725 antea
1353 1667 1456 1744 poena
1479 1652 1708 1726 coercendam·

514 1745 702 1823 absentiam
715 1745 906 1841 putabant,
932 1771 968 1821 re
984 1747 1106 1820 melius
1120 1743 1285 1832 discussa,
1310 1745 1456 1841 praemio
1470 1746 1610 1840 dignam
1625 1769 1712 1822 cen«
1760 1809 1766 1820 .

511 1839 643 1917 lehuno
692 1839 844 1917 Acceffit
871 1843 962 1915 enim
988 1843 1137 1937 collegio
1159 1865 1279 1915 eorum
1307 1862 1378 1914 non
1404 1842 1579 1916 mediocre
1605 1861 1711 1917 orno

512 1959 668 2012 mentum
680 1955 738 2011 toa
754 1959 892 2034 partum
910 1939 1063 2021 virtute,
1088 1959 1167 2009 nam
1184 1938 1223 2013 &
1237 1958 1298 2012 tua
1323 1935 1492 2031 dignitate
1508 1942 1702 2015 communis

512 2037 601 2108 ordo
621 2033 884 2118 cohonestatur,
908 2031 945 2106 &
962 2035 1046 2130 qnid
1063 2035 1150 2116 illis,
1174 2029 1200 2104 fi
1218 2027 1454 2107 Christianam
1471 2055 1621 2108 mentem
1642 2037 1705 2108 ha·

512 2127 638 2215 beant,
663 2129 793 2222 gratius
809 2125 876 2202 effe
894 2129 1017 2226 debet,
1042 2130 1147 2224 quam
1166 2129 1262 2222 quod
1281 2149 1347 2223 per
1367 2149 1401 2201 te
1420 2129 1576 2202 locorum
1591 2129 1703 2205 sacro·
1819 2147 1820 2152 ’

512 2247 590 2298 rum
611 2221 738 2307 sstum,
761 2245 1005 2312 monumenta,
1034 2221 1073 2296 δι
1098 2245 1239 2298 omnem
1268 2225 1539 2317 antiquitatem,
1569 2231 1708 2322 plenam

512 2315 748 2416 religionis&
770 2319 1035 2416 mysteriorum,
1062 2321 1183 2392 audire
1207 2321 1440 2416 colligereque
1457 2321 1612 2417 possint?
1634 2325 1712 2398 Sedl

510 2415 733 2490 accusationis
752 2410 858 2488 status
875 2417 911 2488 in
929 2417 1000 2491 hoc
1015 2415 1082 2500 est,
1107 2415 1205 2510 quud
1222 2413 1292 2489 line
1308 2414 1461 2511 ipsorum
1483 2417 1722 2513 permill'uabr

511 2511 699 2588 Academia
713 2508 886 2597 abfueris,
904 2510 984 2585 cium
999 2511 1220 2586 recreationis
1236 2530 1367 2585 tantum
1388 2533 1473 2606 ergo
1486 2538 1594 2588 unum
1610 2539 1710 2590 men»-

511 2607 578 2683 sem
603 2605 712 2682 abeffe
738 2607 827 2680 citra
850 2611 989 2683 veniam
1013 2610 1168 2682 licuerit:
1190 2607 1249 2681 sed
1275 2627 1312 2681 tu
1338 2609 1455 2704 quaeso
1479 2613 1568 2683 mihi
1582 2613 1700 2698 dicas,

512 2727 599 2777 anne
620 2727 748 2799 putas,
773 2725 862 2790 eos,
879 2707 941 2801 qui
963 2705 1089 2778 statuta
1117 2704 1190 2799 ipsa
1215 2703 1505 2799 conscripserunt,
1530 2705 1566 2778 n·
1575 2710 1617 2782 de
1635 2711 1715 2784 hac·

510 2801 687 2898 religionis
705 2798 804 2874 causa
830 2802 943 2894 rogati
964 2797 1121 2882 fuiffent,
1145 2821 1214 2874 tres
1238 2801 1432 2874 indultoros
1458 2800 1612 2888 menses,
1637 2809 1712 2900 qur»

509 2899 594 2972 volu
622 2897 683 2971 tati
707 2917 815 2968 unum
826 2898 1042 2971 tribuerant?
1067 2896 1174 2970 Arde
1191 2898 1255 2970 hac
1273 2919 1308 2968 re
1325 2895 1574 2982 nihileautum.
1601 2899 1713 2994 Quid.

509 2921 620 3066 tomi
644 2993 701 3065 An
723 2992 878 3086 iniquum
901 2993 995 3078 erit,
1026 2992 1196 3088 quicquid
1218 2995 1291 3066 illic
1316 3015 1386 3064 non
1409 2993 1457 3066 est
1482 2993 1715 3090 exprelsumrr

510 3087 597 3161 Non
613 3087 752 3186 poliunt
766 3103 898 3184 ‘omnes
922 3087 1040 3169 casos,
1060 3087 1172 3183 inquit
1192 3085 1580 3185 Jurisconlitltus,.lege
1603 3115 1713 3165 com··

507 3187 707 3279 ptaehendi,
733 3181 969 3272 sedomill'os,
995 3207 1040 3259 ex
1059 3167 1301 3270 limilitudine,
1324 3185 1512 3280 aequitate,
1536 3189 1710 3278 ratione„

506 3280 745 3376 dijudicamus.
804 3280 852 3352 Et
867 3279 948 3353 citrn
965 3279 1160 3448 postulanti
1184 3281 1251 3356 tibi
1273 3305 1343 3354 non
1373 3284 1528 3376 posuerit
1551 3287 1711 3374 negari,¹

506 3375 592 3474 quid
613 3379 823 3474 quaerimus,
848 3399 890 3448 an
914 3399 964 3471 po
994 3379 1124 3450 ulatum
1144 3373 1410 3472 concedamque
1435 3373 1541 3452 luerit
1552 3383 1577 3453 1.
1593 3379 1714 3457 Vale·-

402 3563 405 3570 ,
504 3474 607 3547 bitne
637 3471 838 3556 statutum,
871 3489 911 3542 ut
931 3474 1020 3545 nulli
1044 3470 1256 3546 concedatur
1288 3471 1571 3568 Hierosolymam
1598 3499 1699 3570 pere·

441 3634 445 3640 .
506 3569 658 3664 grinati,
682 3569 762 3664 quia
784 3565 946 3640 adverlits
964 3568 1081 3642 bonos
1093 3590 1232 3653 moret,
1256 3567 1420 3644 adverlits
1436 3571 1639 3664 religionem
1660 3575 1697 3648 dt

507 3665 673 3760 pietatem
697 3665 955 3758 promulgatum
974 3663 1050 3737 est?
1076 3663 1115 3739 Si
1136 3665 1215 3761 quis
1234 3667 1321 3739 verb
1340 3666 1424 3754 erit,
1449 3667 1511 3760 qui
1536 3687 1607 3740 tam
1633 3671 1712 3762 pio.

503 3780 595 3835 voto
610 3758 644 3852 se
666 3757 877 3843 obstrinxit,
901 3761 1082 3854 poteritne.
1100 3761 1129 3832 is
1149 3781 1274 3856 poenm
1282 3783 1378 3834 metu
1400 3782 1421 3832 a
1445 3782 1621 3856 quoquam
1638 3766 1714 3838 ab·-

505 3857 669 3940 sterreri,
701 3877 744 3927 ne
766 3854 871 3929 faciat
895 3853 993 3951 quod
1015 3856 1161 3928 voviti*
1180 3855 1290 3954 Quid
1304 3854 1510 3930 absurdius?
1535 3855 1646 3947 Quod
1669 3857 1713 3934 li=

504 3953 624 4043 itaque
651 3963 716 4026 nec
735 3952 813 4038 lex,
838 3952 1089 4025 necrolontas
1113 3950 1318 4048 cu'usquam·
1339 3951 1514 4048 impedire
1529 3955 1620 4027 hanc
1643 3979 1698 4030 re·

502 4049 700 4142 ligionem,
730 4047 787 4122 cui
812 4049 963 4120 moltaa
992 3977 1222 4122 Pontificibus
1253 4046 1336 4142 ipfii
1363 4047 1509 4122 indulta,
1525 4051 1714 4144 legimus„

501 4145 652 4309 potuit,
686 4141 772 4239 quid
799 4141 844 4216 de
865 4140 1291 4239 permissu-disputamus?
1316 4141 1400 4232 Qui
1420 4167 1507 4218 vero
1530 4144 1713 4240 ejusmodi.

532 4258 721 4314 tatutorom
749 4238 929 4312 calumniis
955 4239 1154 4328 inhaerent,
1185 4235 1365 4314 manifeste
1382 4237 1598 4326 ostendunt,
1631 4265 1713 4316 nec*

501 4335 669 4423 bumana,
695 4359 764 4411 nec
781 4334 902 4410 divina
913 4333 1002 4426 Juta
1020 4333 1098 4410 satis
1118 4334 1153 4410 se
1167 4337 1388 4430 intelligere,
1412 4358 1473 4410 aut
1487 4339 1634 4426 callere,
1660 4341 1699 4413 &

497 4419 715 4530 religionem-
734 4451 865 4528 magno
884 4429 922 4507 ἃ
949 4431 1151 4602 incredibili
1167 4427 1333 4508 scandalo
1356 4453 1584 4534 oppugnare..
1624 4433 1715 4606 {neg

1166 4548 1203 4624 ³5
1606 4551 1623 4605 t
1706 4565 1714 4581 ⁸
