4680 5828
350 989 375 1114 ¹.
496 1039 593 1120 ,srsii
642 1039 730 1114 Non

616 645 814 744 aaran.
843 641 1149 744 sacocum
1174 667 1243 742 m
1270 643 1602 748 orvansos.
1663 601 1722 770 ἰς

518 845 542 923 s
561 871 658 924 erum
676 849 855 924 videamus
874 848 1028 936 exitum,
1052 844 1114 920 nili
1133 871 1197 921 noe
1214 868 1389 944 perpetuo
1403 847 1619 926 moerorevia
1634 869 1719 922 con·

542 969 632 1020 cere.
651 945 834 1115 &ww
850 944 957 1018 libros
976 964 1057 1018 tuos
1073 944 1220 1031 tradidi,
1231 941 1278 1018 fic
1295 944 1386 1056 enirn
1400 967 1466 1056 per
1480 946 1635 1021 Renicum
1648 943 1719 1056 jus·

819 1061 912 1114 nunc
936 1060 1005 1114 nem
1031 1063 1096 1125 us,
1120 1060 1160 1114 ut
1175 1039 1218 1112 de
1234 1039 1383 1116 confirm
1408 1061 1476 1116 ture
1502 1061 1619 1118 tecum
1644 1043 1717 1115 Iru-

510 1158 617 1306 pem,
640 1157 720 1234 quae
742 1156 911 1248 quantum
933 1138 1019 1210 mihi
1041 1139 1230 1231 placeant,
1262 1137 1319 1210 vel
1342 1137 1461 1233 potius
1488 1135 1712 1248 displiceant,
1821 1190 1826 1198 -

526 1235 590 1308 atis
618 1233 803 1310 declaravr.
851 1229 1000 1308 Utinam
1029 1232 1088 1305 hic
1120 1230 1229 1317 essee,
1261 1250 1300 1304 uc
1332 1256 1415 1330 quae
1439 1253 1566 1330 cupro,
1592 1255 1713 1309 coram

510 1348 627 1404 tecum
645 1351 809 1427 agerem,
833 1327 893 1403 hic
915 1349 952 1403 te
978 1327 1161 1412 foverem,
1191 1348 1226 1401 te
1246 1325 1466 1415 consolarer,
1492 1329 1530 1404 δι
1556 1331 1710 1404 animum

510 1421 679 1522 dejestum
698 1427 877 1522 erigerem.
928 1423 1003 1498 Cur
1021 1423 1107 1498 mihi
1134 1423 1212 1498 haec
1240 1422 1353 1500 officia
1374 1423 1557 1498 invidisti?
1579 1426 1711 1522 AEgro-

508 1545 583 1596 tare
600 1539 636 1597 te
657 1544 727 1594 non
743 1522 847 1606 volo,
871 1519 929 1595 sed
944 1541 1059 1595 tamen
1075 1517 1256 1594 srneeesse
1269 1517 1339 1607 est,
1362 1522 1413 1596 ibi
1428 1522 1568 1608 malim,
1592 1523 1710 1600 ubire

509 1641 634 1712 queam
659 1639 735 1691 mea
762 1639 871 1713 opera
894 1619 930 1690 δι
953 1637 1024 1713 ope
1045 1613 1251 1702 sublevare,
1283 1617 1476 1714 adjuvate,
1504 1618 1708 1714 amplexari.

506 1712 636 1788 lterum
653 1736 742 1810 rogo
758 1717 859 1788 etiam
874 1733 983 1810 atque
1001 1713 1103 1786 etiarn
1121 1734 1206 1785 cura
1223 1733 1261 1784 ut
1275 1717 1403 1788 valeas.
1437 1709 1599 1808 Inprimis
1615 1737 1708 1790 vero

505 1811 646 1886 animun
663 1806 850 1898 confirma,
875 1811 993 1906 cogita
1011 1832 1051 1883 ea
1070 1831 1152 1904 quae
1166 1830 1202 1883 te
1216 1809 1409 1891 obleilant,
1433 1807 1543 1882 tristia
1566 1833 1610 1884 ex
1632 1813 1705 1886 ani·

501 1929 560 1980 mo
576 1907 701 1992 re'ice,
725 1927 899 1983 tumvero
917 1929 1022 1991 cura,
1045 1927 1140 1979 uteo
1186 1927 1226 1978 us
1243 1903 1421 1978 moderata
1431 1904 1536 1978 diaeta
1565 1904 1701 1982 foveas.

500 2001 539 2076 Si
562 2001 605 2076 de
648 2003 708 2098 ngi
729 2001 801 2075 hoc
825 1999 950 2072 morbo
975 2001 1129 2095 poteris,
1167 2000 1320 2076 alubrior
1345 1999 1464 2094 postea
1488 2001 1621 2096 aliquot
1641 2025 1703 2078 an·

502 2118 568 2170 nos
583 2099 705 2184 vives,
729 2094 825 2193 quod
844 2116 883 2169 ut
902 2097 973 2169 cito
998 2094 1060 2170 fiat
1082 2095 1201 2171 Deum
1219 2118 1295 2195 opt.
1315 2097 1414 2170 Max.
1440 2093 1546 2172 enixe
1587 2121 1701 2178 recor.

430 2195 439 2213 ⁸
502 2193 620 2267 Amici
646 2215 766 2267 omnes
794 2189 889 2266 redie
910 2193 1050 2279 valent,
1080 2191 1243 2289 idemque
1274 2192 1339 2266 tibi
1365 2212 1501 2288 optant.
1590 2193 1625 2270 bi
1648 2197 1703 2268 in·

502 2290 670 2363 rellexero
688 2309 724 2362 te
740 2287 803 2363 tibi
821 2287 1038 2372 restitutum,
1063 2287 1219 2376 laetiora,
1244 2289 1400 2382 &plura
1420 2288 1577 2366 scribam.
1601 2291 1700 2368 Bene

498 2386 585 2554 virle·
601 2387 724 2463 anima
737 2383 919 2481 plusquam
937 2382 1115 2457 dimidium
1134 2405 1229 2460 mear.
1279 2385 1416 2460 Patavii
1431 2385 1546 2484 pridie
1565 2387 1614 2464 D.
1629 2387 1702 2464 Ca·

498 2499 644 2556 tannae
663 2499 768 2579 1531.
900 2523 903 2530 .

613 2651 1495 2781 'uersuornxvrr
1731 2698 1864 2772 m..

1731 2807 1782 2849 mo
1802 2787 1845 2850 11.
2000 2797 2002 2804 ’

554 2873 1022 2970 ΑΝΤΟΝΙΟ
1080 2863 1637 2992 SUCQUETO.
1729 2867 1857 2938 Μ·

495 3098 568 3192 De
589 3096 750 3208 fratris
784 3095 922 3189 Caroli
956 3117 1087 3186 morte
1119 3097 1240 3211 suum
1276 3099 1481 3218 eleganter
1517 3100 1693 3194 dolorem
1752 3133 1863 3223 ¹53²·

548 3214 736 3326 reflatur,
775 3221 936 3328 ejusque
966 3209 1134 3327 elogium
1166 3211 1337 3325 scribit,
1363 3224 1545 3333 petitque
1570 3221 1635 3306 de-

725 3321 860 3436 functi
886 3321 1176 3414 lucubrationes
1202 3326 1450 3444 conservati.

493 3543 770 3714 Consoleme
786 3565 842 3632 te,
868 3565 911 3620 an
925 3567 1017 3622 meaa
1037 3544 1110 3645 ipse
1127 3547 1319 3644 lachrymas
1339 3551 1374 3622 in
1393 3569 1490 3624 tuum
1509 3547 1618 3624 smum
1636 3549 1688 3626 ef·

601 3643 772 3725 fundam,
808 3641 1008 3717 Charissime
1029 3648 1174 3729 Antoni,
1198 3643 1293 3718 haud
1315 3641 1394 3718 satis
1419 3647 1578 3741 equidem
1604 3643 1691 3722 scio.

490 3739 691 3834 Justilsrmus
712 3740 801 3815 enim
827 3742 929 3813 dolor
951 3759 1097 3813 mentem
1116 3749 1219 3836 poene
1243 3741 1329 3812 mihi
1354 3741 1500 3828 ademit;
1523 3761 1601 3813 narn
1625 3739 1689 3839 qui

489 3835 576 3910 mihi
596 3837 749 3912 constare
768 3856 912 3930 queam,
935 3856 1037 3931 parte
1059 3857 1100 3908 ea
1116 3838 1240 3908 animae
1260 3859 1347 3909 meae
1369 3833 1502 3921 amissa,
1526 3857 1596 3932 qua
1618 3860 1690 3934 ego

489 3933 589 4006 mihil
614 3933 752 4008 charius
777 3931 912 4019 habui,
943 3933 1030 4005 nihil
1053 3929 1212 4018 fidelius,
1243 3933 1330 4004 nihil
1354 3930 1616 4019 deleehahilins,
1648 3935 1689 4007 in

488 4031 557 4103 hac
571 4030 645 4104 vira
659 4025 773 4103 sensi?
798 4025 856 4100 Te
876 4025 1004 4113 testor,
1027 4029 1090 4123 qui
1113 4025 1228 4102 fratris
1250 4028 1402 4102 animum
1421 4029 1599 4124 cognitum
1625 4029 1687 4102 ha·

488 4123 610 4216 builli,
635 4125 740 4223 quim
765 4123 824 4197 ille
846 4147 902 4201 me
926 4125 1067 4214 amarit,
1090 4143 1157 4217 ego
1171 4123 1260 4198 verd
1281 4123 1379 4195 iilum
1400 4125 1541 4199 vincere
1564 4123 1604 4195 in
1630 4149 1687 4198 ea·

489 4221 568 4298 dem
593 4243 697 4297 arena
728 4219 853 4293 studui.
903 4219 990 4294 Hoc
1011 4219 1117 4294 credo
1139 4221 1273 4293 necilli
1292 4219 1401 4290 ullum
1417 4241 1472 4293 me
1491 4219 1687 4293 chariorem

485 4315 607 4406 suiss‘e,
642 4341 707 4392 nec
729 4317 841 4390 ullum
863 4318 949 4390 mihi
978 4316 1071 4405 ino,
1103 4315 1245 4410 excipio
1268 4335 1418 4410 quorum
1441 4331 1559 4388 natura
1583 4314 1689 4390 nobis

485 4411 649 4487 affeiium
664 4412 832 4510 ingenuit.
866 4411 1078 4508 Quanquam
1102 4433 1169 4506 ego
1193 4409 1307 4484 fratris
1331 4409 1576 4507 consanguinei
1594 4432 1688 4484 mor·

489 4529 559 4585 tem
574 4511 708 4610 aequior
728 4505 863 4588 fuissem
884 4511 1031 4587 hume
1090 4507 1274 4682 Qripntum
1297 4523 1413 4586 autem
1435 4507 1521 4585 mihi
1542 4503 1610 4584 suit
1628 4506 1688 4599 ju-

1048 4651 1051 4658 ·
1195 4623 1216 4699 3
1570 4641 1579 4694 ι
1603 4621 1692 4678 0⁰¹1·
