4742 5814
550 595 743 704 uului.
770 592 1077 701 SELECTAE
1103 621 1173 696 Ab
1198 591 1531 707 DIVERSOS.
1558 616 1646 721 273·

444 819 564 904 petent
578 799 712 913 quippe
727 764 903 875 solennem
920 800 1073 992 mgnum
1087 795 1164 896 (uti
1177 819 1241 874 nos
1250 793 1440 892 vocamus)
1454 789 1639 872 [ε’ἐὶιιιειιιι

444 903 610 976 adornare
633 918 671 972 m
709 918 748 969 us
774 895 902 972 Civile.
991 918 1038 972 uo
1054 915 1163 992 opere
1185 890 1362 992 perfeeto,
1386 894 1430 969 ad
1450 890 1639 969 amuniotc
1797 922 1814 950 ο

501 991 684 1092 ‘losopbiae
700 985 833 1074 scilicet
850 987 889 1068 bt
913 987 1082 1068 bonarum
1096 991 1293 1070 litterarum
1313 983 1446 1077 studia,
1467 992 1638 1078 redirem,

464 1093 519 1168 uti
541 1111 614 1166 non
630 1089 710 1185 plus
734 1108 853 1184 operm
881 1086 1009 1164 deinde
1035 1083 1273 1186 impensurus,
1297 1085 1402 1182 quim
1424 1087 1636 1180 quotidianae

443 1183 711 1282 consultationes
727 1185 918 1282 exigerent.
966 1181 1089 1278 ltaque
1112 1185 1228 1258 aninto
1255 1203 1333 1258 meo
1358 1185 1392 1257 lu
1421 1183 1515 1256 timls
1539 1181 1638 1258 edlu·

442 1279 581 1368 bescit,
612 1282 714 1357 utin
736 1281 853 1380 aliqua
877 1277 1067 1358 Academii
1089 1279 1129 1356 δι
1152 1275 1394 1389 potiffimum'
1471 1275 1638 1449 lnpolstu-
1729 1377 1731 1382 Ι

443 1375 550 1456 dienli
572 1375 793 1477 propolitum
819 1399 911 1475 opus
935 1373 1004 1455 ebs
1021 1399 1065 1452 ue
1084 1375 1156 1452 ulls
1173 1379 1224 1450 rei
1238 1393 1371 1453 uxottae
1391 1375 1512 1452 ultenu
1527 1396 1570 1452 ve
1585 1377 1647 1450 iu·v

495 1475 647 1552 'etudine
664 1495 726 1552 exe
753 1471 788 1549 ui
812 1473 943 1551 licerer
1033 1495 1081 1585 uo
1107 1489 1267 1642 tempore
1291 1469 1414 1584 exusto
1436 1471 1638 1570 obtingeret
1784 1504 1801 1534 ·

462 1593 540 1648 orte
555 1567 699 1644 tandem
713 1497 753 1644 ig
766 1567 873 1668 lquod
893 1570 1109 1668 aprincrpio
1126 1567 1169 1643 de
1197 1571 1338 1654 detaut,
1362 1582 1402 1640 ut
1426 1566 1463 1640 ln
1484 1563 1638 1644 Braban·

445 1667 494 1744 m
510 1665 679 1743 senatoria
693 1665 804 1742 aliave
822 1689 895 1744 non
911 1665 1075 1742 inidonea
1094 1665 1181 1741 mibi
1200 1663 1356 1742 conditio
1373 1659 1635 1742 concederetur.

446 1755 534 1861 Quo
556 1784 628 1840 non
651 1761 760 1840 model
783 1759 930 1854 Putriae,
954 1753 1281 1860 parentibusque&
1305 1759 1514 1858 propinquis
1534 1757 1636 1838 ell'em
1682 1785 1696 1810 ·
1764 1839 1769 1850 ,

443 1859 615 1948 vicinior,
639 1856 697 1936 sed
719 1855 802 1957 iplis
817 1859 921 1936 etiam
935 1879 1093 2030 offatm
1123 1857 1275 1956 aliquem
1298 1881 1343 1931 ex
1368 1879 1424 1930 me
1450 1857 1636 1956 studiisque

444 1957 531 2032 meis
553 1953 704 2032 frustum
732 1955 888 2054 praebece
912 1977 962 2053 po
990 1977 1055 2032 em·
1103 1953 1154 2030 Et
1178 1953 1204 2028 st
1226 1953 1415 2052 aliquando
1436 1969 1525 2028 uxor
1552 1957 1635 2028 libe-

443 2045 1637 2246 bilisium„l⁰l323ililtimlli⁰ltibi·

444 2243 517 2340 plae
540 2239 671 2330 dotes,
691 2237 753 2318 sed
776 2169 984 2320 rupmuxime
1004 2239 1071 2318 scis
1115 2263 1241 2318 uantur
1266 2171 1339 2318 litte
1366 2169 1574 2334 inpositurn,
1599 2245 1636 2318 in

445 2339 624 2415 communi
646 2337 766 2426 viiio,
789 2339 826 2414 in
842 2337 918 2414 iuti
936 2339 1086 2435 denique
1170 2339 1311 2414 onomii
1325 2335 1366 2414 lit
1379 2339 1502 2424 luxus,
1528 2361 1637 2438 quan-

443 2433 559 2533 tisque
576 2456 668 2534 opus
685 2433 729 2512 lit
744 2435 939 2533 sumptibus
960 2435 1006 2511 sd
1029 2433 1185 2510 alendam
1202 2455 1309 2532 atque
1333 2437 1524 2511 ornandam
1547 2437 1636 2512 otio

440 2521 512 2609 lum
528 2527 730 2608 Dominam.
779 2531 817 2608 si
833 2553 915 2630 quae
930 2531 1020 2610 verb
1037 2533 1144 2606 etiam
1157 2529 1351 2626 plusculum
1367 2531 1460 2608 dotis
1475 2530 1637 2610 adferunt

444 2628 515 2705 mei
530 2625 665 2706 ordinis
687 2627 886 2704 bominibus
895 2679 909 2718 ,
932 2629 991 2704 bae
1007 2630 1111 2704 etiam
1127 2627 1260 2724 aliquid
1275 2629 1421 2724 amplius
1437 2652 1481 2703 eo
1497 2632 1636 2706 nomine

442 2723 532 2821 iuris
561 2721 626 2801 libi
663 2723 888 2824 praesumunt
944 2721 1079 2800 Rursus
1110 2722 1137 2798 fi
1166 2723 1288 2822 (quod
1325 2729 1497 2802 ocimum
1524 2728 1572 2802 est
1599 2729 1636 2805 io

443 2819 665 2897 matrimonio
696 2819 938 2899 contrahendo
968 2841 1125 2896 veterum
1154 2747 1374 2990 confiliumf
1388 2823 1556 2936 aequnlem
1573 2821 1636 2896 du·

443 2938 545 3003 cam,
568 2919 720 2994 tenuitas
743 2915 893 2992 fortune
924 2912 1103 3016 utriusque
1119 2913 1184 2991 illo
1205 2919 1288 2992 loco
1311 2937 1332 2990 a
1385 2937 1436 2994 ret
1459 2915 1637 2996 familiaris

443 3011 637 3110 impensus,
661 3009 961 3110 sumptuosumque
974 3007 1151 3088 uxoris&
1178 3011 1368 3086 liberorum
1395 3010 1637 3090 educationem

444 3109 585 3186 minime
602 3105 784 3186 sufficeret.
832 3105 974 3184 Deinde
994 3108 1083 3206 ego,
1107 3127 1148 3184 ut
1170 3129 1287 3184 meum
1315 3105 1388 3203 lpse
1405 3107 1531 3184 vitium
1553 3133 1636 3208 pro·

443 3203 553 3292 dum,
584 3201 633 3282 lic
656 3201 732 3279 sum
752 3197 923 3290 mestus,
956 3205 1074 3282 alietto
1097 3205 1150 3280 uti
1174 3227 1219 3280 ex
1237 3203 1374 3299 judicio
1403 3227 1546 3282 uxorem
1573 3208 1637 3282 dn·

443 3322 523 3374 cete
549 3323 750 3398 nequeam,
784 3322 1090 3413 quantumcunque
1115 3301 1211 3377 bona
1240 3297 1400 3376 conditio
1434 3297 1634 3382 offerretur:

442 3392 1635 3594 eere‘lteffluiteremuelittleuet

444 3607 516 3659 non
533 3587 637 3662 valde
655 3584 846 3687 spectarem
870 3613 979 3688 opes,
1003 3613 1083 3688 quse
1100 3587 1167 3662 isto
1183 3610 1297 3664 tamen
1315 3591 1396 3666 loco
1413 3595 1473 3667 vel
1487 3551 1635 3669 maxime

441 3679 668 3779 imitantur,
701 3677 741 3760 u
764 3679 835 3760 fine
857 3682 985 3784 quibus
1013 3687 1087 3760 vitu
1111 3683 1187 3762 illic
1206 3685 1291 3762 duci
1318 3707 1362 3759 ne
1389 3689 1451 3762 uit.
1499 3683 1578 3780 Jum
1603 3687 1629 3764 ss

441 3781 611 3876 optuleutn
631 3779 747 3876 aliqua
766 3781 919 3880 cuipiam
940 3781 1131 3879 obtigerit,
1153 3785 1262 3881 putris
1279 3779 1375 3858 illae
1404 3803 1482 3858 ueta
1505 3781 1632 3860 delitiis

440 3892 545 3976 utque
575 3875 750 3951 illecebris
778 3875 840 3951 usu
866 3877 923 3954 vel
950 3873 1143 3956 neceffirate
1166 3879 1448 3976 quandocunque
1472 3882 1633 3978 exigente

439 3963 602 4048 meritum
625 3965 724 4070 sequi
747 3975 866 4048 nollet.
915 3971 967 4050 Er
989 3973 1149 4072 quirillo
1169 3973 1439 4070 temporeillhic
1457 3973 1634 4056 sttterum

437 4062 543 4144 status
560 4066 596 4142 in
612 4067 805 4165 propstulo
826 4062 895 4154 est,
921 4095 962 4147 nt
985 4093 1053 4168 ego
1076 4066 1171 4144 haud
1193 4069 1284 4146 bene
1304 4065 1406 4146 lanus
1431 4073 1542 4148 videri
1553 4071 1632 4170 pos·

436 4159 516 4252 stm,
542 4159 568 4238 li
584 4185 629 4239 eo
644 4165 729 4242 loco
744 4164 957 4240 domicilium
973 4189 1146 4264 quaerum,
1165 4163 1229 4240 ubi
1250 4187 1321 4238 non
1335 4167 1443 4242 modo
1458 4166 1632 4246 fortunam

438 4257 715 4426 qualemcunque
735 4257 774 4336 in
795 4261 895 4358 gravi
915 4258 1074 4360 periculo
1098 4285 1290 4360 reponam,
1314 4261 1441 4345 verim
1463 4265 1567 4339 etiam
1590 4259 1631 4338 fi·

464 4357 497 4428 el
515 4354 749 4468 acreilgtnnis
772 4356 1012 4436 libertatemd
1061 4381 1175 4433 omen.
1193 4385 1209 4410 ι
1224 4359 1279 4434 Ac
1300 4351 1363 4430 nili
1387 4359 1573 4435 multorum
1593 4361 1631 4434 in

437 4449 772 4621 mnodnffmare
799 4453 970 4556 voluero,
993 4451 1228 4627 sufinereque
1254 4475 1434 4552 potuere,
1458 4477 1530 4528 non
1557 4476 1630 4527 tsn-

533 4567 574 4618 ιιι.
640 4600 649 4624 .
1095 4573 1131 4624 m
1557 4569 1630 4624 tum
