4680 5828
717 766 801 866 104
826 737 1065 846 VIGLII
1102 757 1169 834 au
1197 729 1460 832 AYTTA
1493 733 1873 850 ZUICHEMI¹

712 939 844 1015 magno
860 912 949 1002 suit,
973 911 996 988 s
1015 935 1140 1012 emque
1153 936 1226 988 nou
1245 911 1458 990 mediocrem
1483 913 1526 988 ad
1542 907 1783 1014 subsequentis
1805 919 1917 995 aetatit

605 1024 610 1034 '
701 1010 905 1090 successum
924 1033 975 1110 po
999 1027 1125 1088 tetur.
1175 1011 1226 1085 Et
1255 1007 1463 1108 parentibus
1490 1032 1633 1107 quoque
1662 1015 1774 1109 magis
1797 1017 1919 1113 placet

715 1111 806 1185 illud
823 1113 909 1204 vitae
933 1127 1021 1184 mear
1053 1107 1271 1195 institutum,
1294 1105 1388 1182 uude
1412 1107 1526 1181 &illi
1551 1106 1648 1180 usum
1673 1111 1825 1206 aliquem
1849 1113 1918 1188 mei

717 1205 855 1303 sperare
870 1221 1009 1302 queant.
1059 1203 1155 1280 Haec
1174 1204 1293 1299 itaque
1310 1205 1419 1290 ratio,
1445 1205 1579 1308 optime
1596 1201 1699 1298 Zofi,
1724 1203 1919 1301 profitendi

706 1300 898 1380 *confilium
919 1301 1005 1374 mibi
1024 1296 1216 1388 dissuadet,
1240 1319 1280 1374 ut
1303 1301 1404 1374 edam
1420 1301 1479 1375 vel
1502 1323 1559 1374 me
1582 1323 1655 1374 uon
1675 1319 1841 1394 terreret,
1858 1306 1919 1382 vel

717 1417 882 1496 gravaret
904 1397 1034 1496 lastras
1047 1397 1195 1471 nominis
1216 1395 1411 1482 claritudo,
1435 1419 1541 1491 quam
1560 1418 1627 1492 ego
1641 1393 1805 1474 sustinete
1820 1403 1919 1476 dullo

716 1497 805 1572 mibi
820 1491 927 1592 padio
951 1490 1048 1590 posse
1063 1494 1199 1568 videor.
1247 1493 1353 1566 Meus
1381 1513 1498 1567 tamen
1511 1492 1726 1664 arimasper
1741 1492 1777 1570 se
1800 1497 1919 1574 ‘metit

717 1593 768 1668 est
776 1589 1039 1676 amantissimus,
1056 1587 1278 1684 discendique
1288 1587 1540 1684 cupidiffimus:
1558 1613 1639 1684 quae
1674 1519 1919 1688 unproitendi

716 1687 877 1765 conditio
893 1686 1031 1762 abunde
1054 1685 1264 1784 suppeditat.
1313 1685 1432 1782 Atque
1457 1707 1497 1760 ut
1522 1685 1626 1761 etiam
1646 1708 1704 1764 me
1731 1689 1920 1786 aliquando

717 1787 765 1862 ad
780 1784 921 1883 negotia
944 1779 1166 1867 transferam,
1182 1805 1224 1858 ea
1247 1799 1363 1856 umen
1379 1780 1531 1877 eousque
1546 1781 1685 1882 sequar,
1710 1783 1826 1862 donec
1840 1809 1921 1884 par·

717 1903 795 1956 tum
805 1884 871 1956 ade
898 1900 953 1954 tus
971 1875 1090 1964 suero,
1107 1879 1143 1950 in
1162 1903 1235 1977 quo
1245 1877 1330 1952 milti
1345 1879 1450 1952 liceat
1458 1879 1531 1975 jam
1546 1897 1648 1973 parta
1657 1877 1798 1956 fortuna
1807 1884 1920 1980 pristi-

715 2001 843 2054 norum
864 1904 1056 2052 dirutorum
1073 1977 1296 2072 voluptatem
1315 1993 1492 2048 revocare.
1532 1973 1576 2047 ln
1590 1974 1771 2070 praesentia
1796 1980 1918 2079 itaque

696 2073 766 2150 ,sse
783 2073 871 2149 mihi
891 2073 1015 2146 videor
1029 2069 1220 2147 consultius
1243 2068 1422 2155 sadlurus,
1445 2089 1486 2147 ut
1503 2071 1742 2147 conditionem
1764 2076 1917 2174 aliquam
2013 2161 2015 2166 ,

698 2173 823 2246 talem
850 2179 1024 2264 quaeram,
1049 2192 1155 2264 quam
1179 2166 1216 2241 dt
1244 2167 1380 2241 facilius
1402 2163 1565 2243 sustinere
1589 2189 1736 2265 queam,
1760 2169 1797 2244 δι
1821 2175 1916 2250 unde

698 2287 930 2366 proventum
952 2264 1144 2341 uberiorem
1165 2267 1273 2361 paulo
1291 2261 1446 2361 sperem:
1473 2288 1673 2362 quanquam
1692 2289 1773 2343 ante
1788 2291 1917 2347 annum

716 2388 790 2438 uon
808 2363 911 2436 statui
929 2363 1125 2458 relinquere
1140 2359 1284 2436 ltaliam.
1322 2357 1456 2452 laſsum
1476 2363 1566 2438 verd
1586 2385 1699 2436 meum
1716 2367 1824 2460 cupio
1841 2371 1918 2443 diu·

716 2461 837 2536 tillitue
859 2455 1004 2545 florere,
1029 2479 1133 2554 atque
1159 2456 1333 2552 eousque,
1359 2461 1472 2531 donec
1498 2459 1663 2546 idoneum
1692 2456 1915 2537 successorem

717 2557 882 2654 reperiat.
907 2553 1020 2650 Quod
1038 2577 1107 2651 ego
1121 2553 1199 2630 serd
1214 2553 1367 2627 sutorum
1382 2551 1560 2641 existimo,
1585 2553 1610 2626 li
1634 2555 1713 2649 quis
1732 2579 1852 2633 omnes
1866 2563 1918 2634 in·

719 2654 816 2754 genii
840 2650 894 2729 tui
918 2653 1020 2726 dotes
1039 2653 1127 2726 velit
1151 2651 1395 2748 perpendere,
1420 2671 1522 2744 quam
1549 2649 1725 2746 profunda
1749 2655 1918 2732 videlieet

720 2771 782 2826 tua
796 2746 839 2824 lit
865 2748 902 2822 in
916 2769 1067 2846 utroque
1085 2743 1167 2842 jure
1181 2745 1329 2844 peritia,
1354 2767 1485 2840 quanta
1502 2746 1538 2820 in
1560 2749 1722 2822 docendo
1736 2753 1867 2844 gratia,
1881 2753 1918 2828 in

718 2843 939 2923 consulendo
955 2844 1166 2932 dexteritas,
1191 2861 1296 2940 atque
1311 2843 1524 2931 authoritas,
1550 2845 1586 2916 in
1608 2841 1700 2940 stylo
1718 2849 1917 2943 integritas,

722 2947 762 3018 iu
779 2945 937 3019 oratioue
948 2938 1131 3025 facundia,
1157 2941 1194 3016 iu
1209 2938 1367 3016 sermone
1380 2937 1615 3026 familiaritas,
1643 2941 1842 3039 puritasque
1858 2946 1918 3023 de·

717 3042 826 3138 nique
837 3041 873 3114 iu
883 3039 1045 3114 omuibus
1057 3039 1199 3135 optimis
1215 3034 1426 3133 disciplinis,
1438 3061 1541 3134 quam
1555 3059 1625 3110 non
1641 3042 1795 3138 vulgaris
1811 3039 1918 3119 scien·

718 3138 779 3212 tia
806 3136 871 3212 Me
887 3156 1002 3226 autem
1020 3135 1123 3232 hujus
1138 3135 1227 3208 tanti
1244 3131 1406 3210 beneficii
1430 3130 1547 3229 quoad
1570 3135 1688 3207 vivam
1714 3159 1784 3210 nort
1802 3163 1844 3212 ca
1869 3143 1919 3218 iet

717 3233 872 3311 oblivio:
899 3253 1098 3328 quanquam
1116 3234 1207 3306 enim
1226 3251 1325 3306 tanto
1341 3233 1474 3305 muneri
1492 3230 1640 3325 impares
1662 3233 1825 3308 humeros
1841 3165 1918 3312 fub-

696 3363 700 3372 ·
718 3331 858 3408 mittere
871 3330 1013 3414 verear,
1040 3325 1225 3402 meminisse
1241 3349 1357 3401 tamen
1375 3349 1477 3422 atque
1502 3330 1602 3400 etiam
1628 3330 1770 3423 gloriari
1787 3333 1854 3407 erit
1865 3333 1920 3432 ju·

719 3427 960 3514 eundumne
973 3427 1162 3521 aliquando
1172 3419 1236 3522 ipli
1248 3422 1339 3518 Zafio
1349 3421 1676 3521 dignurnvisum‚irr
1689 3427 1786 3522 eujus
1800 3431 1919 3506 locum

718 3521 953 3600 succederem.
982 3519 1077 3616 Quae
1094 3524 1139 3596 de
1152 3520 1257 3598 Stella
1275 3517 1510 3595 controversia
1543 3518 1661 3616 scripsi
1687 3526 1825 3620 gaudeo
1854 3530 1918 3604 tibi

719 3643 795 3696 non
805 3616 1024 3716 displicuisse.
1048 3615 1258 3714 Judicioque
1273 3638 1336 3690 tuo
1347 3613 1493 3690 conlisus
1506 3620 1636 3714 majora
1653 3623 1755 3694 etiam
1770 3623 1920 3704 audebo.

719 3715 778 3792 Ut
794 3716 893 3792 edam
909 3717 1065 3791 nondum
1079 3715 1127 3790 est
1138 3717 1289 3788 animus:
1300 3717 1398 3788 edam
1407 3735 1520 3786 tamen
1535 3717 1771 3810 aliquandout
1782 3720 1921 3818 scripfi‚

719 3812 780 3889 sed
796 3835 876 3888 cum
890 3815 977 3888 aliis.
993 3811 1071 3886 Scis
1089 3813 1179 3886 enim
1195 3813 1342 3884 multum
1355 3808 1481 3884 referre
1492 3811 1620 3904 quibus
1629 3815 1781 3908 praemiie
1793 3815 1921 3894 samam

636 3908 640 3914 ’
720 3912 760 3985 in
782 3907 903 3984 studiis
918 3906 1155 4002 auspicemur:
1183 3907 1331 3983 &edita
1350 3931 1430 3982 cum
1458 3907 1533 3982 aliis
1554 3905 1723 3984 sententia
1744 3911 1858 3992 nostra
1877 3917 1921 3990 ab

720 4009 790 4084 iilis
805 4004 930 4092 fidem,
954 4007 1270 4098 authoritatemque
1295 4003 1531 4088 mutuabitur,
1556 4008 1768 4104 veritatique
1790 4015 1921 4110 magis,

722 4105 829 4202 quam
844 4097 1019 4176 all‘ediioui
1033 4101 1136 4175 inniti
1150 4100 1335 4175 videbitur.
1364 4099 1605 4188 Quamobrem
1615 4104 1721 4176 velim
1736 4125 1776 4177 ut
1789 4105 1924 4206 suppul-

723 4223 797 4274 maa
812 4197 946 4284 adhuc,
972 4195 1153 4296 quousque
1169 4196 1234 4270 alia
1257 4217 1336 4291 quae
1355 4198 1391 4288 in
1415 4196 1573 4270 manibus
1587 4199 1711 4273 babeo
1728 4201 1921 4280 absolvero.

723 4293 840 4369 Tuam
857 4317 945 4368 uero
959 4315 1095 4370 aetatem
1115 4295 1279 4388 deinceps
1304 4295 1409 4390 cupio
1430 4293 1474 4367 ab
1494 4292 1619 4367 talibus
1639 4299 1924 4378 contentionibus

722 4387 922 4488 quiescere,
947 4391 1286 4484 tranquilitatemque
1313 4389 1420 4463 animi
1440 4411 1523 4464 cum
1540 4390 1778 4466 incolumitate
1796 4417 1927 4497 corpo·

698 4529 700 4536 >
721 4491 771 4568 ris
789 4486 885 4560 omni
906 4487 1018 4560 studio
1039 4487 1141 4562 tueri.
1183 4483 1280 4562 Beue
1301 4487 1390 4584 vale¹
1405 4485 1611 4587 Praeceptor
1629 4487 1817 4585 clarissime.
1868 4495 1930 4572 Ex

721 4585 868 4663 Patavlo
894 4603 926 4678 7.
952 4581 1181 4682 Septembris.
1206 4599 1258 4660 aut
1288 4603 1398 4681 1532.
1682 4673 1713 4692 .,
1817 4685 1918 4765 EPI
