4680 5828
653 677 708 778 o
755 597 1797 782 v1otss11mavo‘razo1cflmo1

487 897 614 1045 gfff
845 891 1665 1002 aolsoooa'xxtx.

486 1059 543 1120 fol.
564 1022 615 1139 99:

486 1135 550 1248 vo.
715 1101 1125 1262 oomoacio
1161 1123 1674 1264 Amaaoocfflo
1702 1133 1798 1248 (1).

505 1366 610 1449 ¹53²·
657 1363 732 1458 De
764 1363 944 1456 methodo
958 1367 1036 1483 seo
1067 1389 1160 1457 orte
1185 1367 1320 1486 Joris.
1378 1367 1546 1477 Docet,
1574 1371 1723 1490 legibus
1750 1399 1858 1466 otoo·

714 1482 846 1588 dom,
881 1509 953 1568 nec
986 1493 1120 1570 cunda
1153 1513 1207 1570 ex
1246 1490 1432 1598 <equitate
1468 1487 1722 1578 decernendo.
1780 1488 1857 1577 Ex

659 1595 664 1604 ’
717 1593 882 1712 quibos,
914 1591 972 1687 &⁹
988 1617 1179 1714 perqoos
1201 1595 1361 1712 Corpus
1381 1597 1506 1715 Joris
1537 1598 1681 1690 Civilis
1698 1604 1854 1692 coaluit.

662 1804 666 1816 ,
713 1709 769 1800 In
799 1736 843 1796 eo
871 1707 1002 1797 multo
1017 1709 1335 1824 supervacaneo.
1392 1709 1634 1800 Methodttm
1650 1713 1778 1830 Joris
1805 1713 1858 1804 ab

714 1813 983 1912 Amerbochio
1015 1819 1198 1939 postulat.
1264 1824 1338 1912 Do
1367 1821 1674 1916 Commentariis
1704 1825 1762 1921 ἔθ’
1788 1827 1857 1916 Io-

714 1932 969 2054 terpretibos.
1030 1935 1142 2050 Quid
1165 1933 1419 2053 Jostioianoo
1445 1937 1608 2056 oolosse
1649 1942 1856 2032 credatur.

573 2055 576 2062 ’
715 2049 938 2167 Noceffltao
975 2045 1033 2143 (θ’
1072 2049 1227 2141 utilitas
1270 2049 1569 2168 Interprotom.

657 2272 910 2440 FXpediatos
933 2273 1035 2348 diua
1062 2289 1097 2345 te
1120 2272 1252 2347 litteras
1270 2275 1428 2365 tandem,
1448 2271 1854 2366 dodissimeAmtrbocbi,

694 2403 722 2438 A
749 2369 1070 2467 perA.protioom
1084 2365 1159 2465 (2)
1176 2373 1313 2468 accepi.
1340 2371 1556 2446 Hoioandmm
1575 2373 1778 2448 defunstum
1787 2397 1857 2447 me·

657 2467 724 2542 rita
737 2465 992 2566 praedicatione
1006 2463 1252 2562 prosequeris,
1278 2466 1316 2538 δι
1339 2463 1400 2538 nisi
1423 2491 1573 2542 mamea
1598 2468 1688 2543 fallit
1708 2471 1853 2564 opinio,

656 2564 816 2661 quotidie
830 2565 1079 2639 incrementum
1099 2561 1192 2634 illius
1208 2563 1319 2672 gloria
1342 2564 1512 2658 accipiet,
1524 2585 1597 2656 quo
1614 2567 1730 2660 plures
1751 2584 1856 2639 erunt

657 2663 719 2759 qui
740 2660 772 2736 se
788 2659 834 2734 ad
858 2658 992 2735 saniora
1007 2657 1099 2752 Juria
1118 2656 1243 2732 Civilis
1264 2655 1404 2733 consilia
1427 2659 1592 2752 paulatim
1620 2657 1855 2756 refipiscentes

657 2757 897 2859 applicabunt.
945 2755 1157 2854 Methodotn
1181 2751 1253 2850 (3)
1278 2754 1368 2830 vero
1384 2777 1488 2851 qoem
1510 2757 1695 2852 qualemve
1722 2757 1854 2833 deside·

1798 2879 1854 2934 rea

660 2951 667 2962 ¹
697 3031 763 3204 {a}
784 3029 941 3185 Boeotiam
957 2945 1174 3184 “mi''’fflss
1194 3027 1240 3102 V·
1260 3029 1348 3100 Not.
1370 3029 1414 3099 aa
1429 3031 1559 3100 Vitam.
1577 3029 1625 3101 N.
1644 3031 1740 3103 mx,
1784 3083 1788 3094 ,

785 3117 827 3187 Α.
875 3115 1052 3204 eborinum]
1082 3116 1140 3183 Do
1176 3135 1216 3183 or
1242 3114 1401 3202 Anselmus
1426 3115 1612 3198 Ephorinus,
1633 3117 1724 3200 apud
1754 3113 1854 3186 Pota.

646 3202 751 3268 'vium
773 3201 869 3352 Vifilii
895 3199 1027 3280 socios,
1055 3200 1198 3268 moltam
1221 3217 1304 3267 cum
1321 3217 1365 3268 eo
1381 3200 1566 3268 amicitiam
1580 3199 1709 3276 coluit,
1730 3199 1768 3268 dt
1784 3201 1855 3269 Ro-

654 3304 747 3352 mam
768 3304 815 3370 po
845 3302 885 3352 ea
909 3282 1101 3370 profectus,
1122 3285 1202 3350 inde
1226 3283 1326 3369 Vigiio
1341 3285 1529 3369 gratulatus
1557 3281 1607 3350 est
1632 3284 1850 3368 provinciam
1991 3269 1995 3274 ⁵

655 3387 757 3452 quam
774 3369 885 3466 Spirae
907 3367 1060 3437 obtinuit
1081 3370 1116 3434 in
1142 3369 1290 3436 Cometa
1310 3369 1494 3462 Imperiali.
1534 3365 1677 3437 Exstant
1700 3368 1790 3439 bioae
1810 3371 1855 3439 ad

656 3471 736 3522 eum
754 3451 924 3540 epistolae,
946 3451 1004 3520 sed
1034 3450 1175 3519 levioris
1195 3455 1373 3521 momenti.

695 3537 760 3622 (3)
787 3536 963 3606 Methodom
987 3535 1067 3620 ἐπ]
1092 3536 1148 3602 De
1170 3534 1359 3613 methodo,
1393 3535 1452 3603 seu
1475 3549 1551 3604 arte
1577 3533 1692 3621 Jotis,
1724 3537 1853 3622 aliquid

655 3637 803 3690 conatus
829 3619 878 3690 est
904 3617 1082 3705 Joocbo'mos
1111 3617 1164 3688 Ho
1205 3639 1292 3698 erus,
1312 3619 1370 3688 sed
1397 3619 1494 3688 nullo
1523 3619 1687 3688 soccess'u.
1727 3621 1783 3688 De
1813 3639 1854 3690 ea

655 3704 781 3790 Zofiom
806 3707 889 3775 olim
922 3706 1139 3789 interrogans
1188 3721 1295 3772 oannes
1312 3703 1496 3780 Fithordos,
1517 3703 1714 3786 responsum
1741 3705 1785 3772 ab
1808 3725 1852 3772 eo

655 3791 756 3870 tulit,
776 3791 870 3876 qood
883 3789 940 3856 hic
954 3787 1201 3872 apponendum
1216 3787 1327 3854 visum
1340 3787 1388 3856 est
1400 3807 1445 3855 ex
1456 3805 1534 3854 tomo
1558 3787 1601 3860 V.
1616 3807 1689 3886 pog.
1705 3805 1757 3872 37.
1772 3787 1850 3875 vso:

653 3911 681 3949 ,2
698 3875 871 3942 Sollicitat
887 3889 922 3941 te
945 3874 1133 3940 etiamnum
1151 3871 1363 3950 Methodus,
1395 3872 1489 3958 quod
1517 3874 1593 3939 haec
1620 3891 1656 3938 tn
1676 3875 1753 3957 jure
1781 3891 1851 3940 non

656 3996 682 4034 n
700 3959 869 4038 traditur,
892 3955 973 4025 edm
988 3969 1103 4023 tamen
1127 3953 1228 4021 Cicero
1244 3955 1472 4041 polliceatur,
1491 3953 1526 4023 se
1549 3957 1627 4041 jura
1649 3957 1682 4021 in
1704 3974 1850 4041 genera,

655 4079 681 4118 .‚
698 4060 775 4124 quoe
787 4059 832 4127 pe
876 4058 961 4110 auca
974 4039 1104 4118 stot,di
1130 4037 1432 4116 esturum,deinde
1444 4058 1566 4107 eorum
1579 4057 1746 4124 generum
1759 4041 1850 4125 quad

482 4141 631 4221 *itafirt-
657 4125 851 4203 „inanem
877 4141 914 4192 ra
928 4121 1086 4210 quaedam
1106 4057 1337 4206 §dispersurum
1358 4131 1376 4164 ¹*
1398 4123 1435 4192 δι
1462 4123 1547 4189 item
1581 4119 1687 4218 multa
1709 4123 1746 4188 in
1772 4140 1849 4190 eam

480 4235 559 4298 paon
570 4241 613 4282 ro·
656 4249 682 4286 „
699 4227 772 4276 rem
786 4211 940 4280 oratorio
964 4224 1061 4274 more
1078 4205 1206 4273 differis
1216 4251 1229 4286 ,
1247 4223 1344 4291 quae,
1366 4205 1390 4271 fi
1408 4220 1545 4291 tempus
1562 4205 1600 4274 δι
1622 4219 1734 4274 otium
1749 4203 1849 4286 ed'et,

482 4299 631 4378 perosae·
655 4329 681 4370 ‚‚
698 4311 764 4360 nec
781 4294 848 4360 alio
865 4311 921 4364 me
940 4289 1121 4376 complura
1136 4291 1277 4374 negotia
1289 4303 1479 4364 vocarent,
1499 4288 1632 4357 diluere
1648 4287 1751 4356 focile
1770 4289 1850 4374 pos·

474 4379 611 4456 suomi.
655 4415 681 4452 „
698 4375 778 4444 sem.
819 4377 872 4445 Sit
890 4377 970 4450 sane
993 4373 1088 4462 quod
1109 4373 1209 4443 Cicero
1234 4375 1270 4439 in
1279 4391 1423 4525 dssenera
1446 4373 1620 4458 digefferit
1639 4371 1847 4468 eloquentia

481 4461 621 4521 totamm.
653 4499 680 4537 „
697 4460 800 4527 armis
813 4460 1010 4538 instructus,
1030 4457 1070 4525 fit
1085 4475 1191 4544 porro
1207 4455 1277 4540 quo
1318 4458 1354 4523 in
1369 4471 1480 4524 artem
1497 4459 1574 4541 jura
1590 4455 1778 4541 redegerit,
1801 4476 1848 4526 ex

653 4585 680 4626 υ
695 4544 747 4620 bio
765 4559 881 4621 tameo
902 4543 1092 4636 genetatio
1116 4537 1251 4630 digestis
1264 4541 1324 4614 vel
1339 4541 1378 4614 in
1407 4555 1519 4612 artem
1550 4538 1677 4612 cottiis
1694 4539 1850 4697 mribus&

1704 4661 1730 4705 η
1747 4641 1825 4695 Hem
