4882 5804
501 551 719 649 nurse.
747 551 1056 650 seluern
1082 573 1148 647 an
1175 554 1507 678 comesos.
1556 576 1634 679 nt
1692 552 1697 559 ·

438 757 514 816 tum
530 736 654 814 nostrae
670 735 794 830 patriae
808 735 1075 830 vicinarumque
1089 736 1271 832 regionum
1288 733 1530 824 indicem,nist
1547 733 1645 824 Prin-

438 837 535 936 cipes
561 854 694 909 omnes
711 831 952 907 communibus
964 915 965 918 Ἴ
978 829 1126 908 consiliis
1142 829 1307 908 adversus
1327 858 1404 908 eam
1426 833 1643 928 niterentur,

436 933 530 1008 baud
545 933 617 1007 ulla
629 925 712 1004 ell'et
724 929 873 1024 amplius
883 929 972 1003 tanti
986 929 1068 1002 mali
1093 928 1277 1006 excidendi
1294 927 1536 1027 extirpandive
1551 929 1642 1026 spes.

435 1027 571 1104 Interea
590 1024 678 1100 illud
703 1023 820 1100 habeo
848 1025 930 1099 inde
956 1027 1159 1112 commodi,
1194 1025 1290 1120 quod
1319 1026 1387 1101 hac
1411 1047 1525 1100 rerum
1554 1047 1641 1104 teru-

434 1123 566 1222 pestatc
591 1125 629 1196 ὄι
647 1123 848 1218 patientiam
867 1119 983 1209 disco,
1009 1122 1047 1196 δι
1070 1121 1239 1196 nonnullo
1258 1145 1372 1196 rerum
1392 1119 1454 1196 usu
1473 1125 1641 1210 erudior,

431 1215 662 1316 instruorque.
711 1217 794 1313 Ago
820 1237 936 1292 autem
953 1218 1067 1292 adhuc
1084 1219 1121 1290 in
1138 1217 1380 1313 Wellphalia,'
1402 1217 1575 1316 Principis
1598 1221 1636 1296 δι

433 1313 592 1392 Praesulis
616 1314 686 1389 mei
704 1313 926 1410 quantumuis
951 1313 1092 1387 dubiam
1118 1313 1356 1390 conditionem
1382 1312 1548 1410 sequens,
1574 1318 1635 1411 qul

429 1411 501 1508 jam
520 1433 647 1485 annum
665 1431 780 1484 toturn
795 1408 1045 1484 Monastcrium
1056 1409 1356 1506 Anabaptistarum
1372 1413 1632 1506 receptaculum

432 1508 506 1584 sola
532 1506 595 1602 spe
621 1504 711 1581 fame
728 1530 788 1582 eos
806 1505 992 1580 edomandi
1007 1503 1152 1581 obsidet.
1201 1505 1298 1579 Mihi
1322 1507 1452 1580 interea
1476 1504 1632 1581 salarium

430 1625 597 1699 prompte
618 1600 784 1687 solvitur,
808 1601 1007 1698 Praesulque
1023 1625 1078 1676 me
1104 1599 1168 1675 fibi
1195 1604 1395 1696 cumprimis
1410 1601 1554 1676 charum
1570 1603 1631 1682 ha·

431 1701 515 1788 bet,
537 1701 637 1794 cujus
651 1696 838 1774 fortunali
865 1721 909 1772 err
926 1701 980 1772 bis
998 1721 1173 1792 emergere
1192 1699 1359 1792 periculis
1377 1699 1531 1793 poterit,
1557 1723 1630 1774 non

428 1797 496 1871 erit
514 1817 576 1870 cur
595 1819 649 1870 me
667 1795 771 1872 valde
787 1797 956 1892 ponitere
982 1793 1084 1888 hujus
1101 1796 1310 1868 conditionis
1328 1795 1462 1870 debeat.
1513 1792 1629 1871 Valde

430 1915 519 1967 aveo
543 1889 629 1966 scire
644 1890 774 1988 ecquid
797 1913 904 1966 tantae
930 1889 1165 1984 expeslationi
1190 1889 1373 1964 Clarillirni
1397 1893 1632 1988 praeceptoris
1733 1909 1738 1926 ·

430 1989 541 2062 nostri
567 1991 688 2060 Aleiatr'
714 2009 800 2060 meae
824 1985 1081 2060 lucubrationes
1103 1986 1375 2082 responderint:
1408 1988 1505 2082 quod
1531 2006 1570 2060 tu
1591 2008 1626 2062 te

427 2081 638 2176 scripturum
663 2083 845 2178 recepisti,
870 2081 908 2154 dr
933 2104 973 2155 ut
990 2079 1107 2154 exasie
1131 2081 1279 2154 fideliter
1305 2107 1347 2158 ue
1369 2081 1496 2170 facias,
1521 2086 1627 2182 etiam

431 2199 536 2274 arque
552 2179 653 2252 etiam
678 2198 713 2253 te
727 2201 828 2272 rogo.
877 2173 959 2274 Ego
984 2175 1119 2249 hinc&
1140 2199 1239 2252 antea
1261 2106 1304 2251 ag
1330 2199 1364 2251 te
1382 2179 1498 2252 literas
1521 2179 1622 2276 dedi,

428 2273 468 2348 δι
493 2272 530 2345 id
556 2273 678 2368 saepius
701 2273 814 2348 facere
832 2295 903 2344 non
930 2295 1111 2368 gravarer,
1136 2271 1170 2344 sr.
1186 2275 1289 2346 ullam
1316 2273 1476 2346 haberem
1495 2272 1625 2349 reetam

427 2371 597 2442 rationem
619 2392 676 2441 eas
694 2371 737 2440 ad
759 2391 795 2443 te
818 2366 1079 2442 transmittendi.
1128 2365 1238 2443 Nunc
1264 2370 1339 2444 haec
1363 2370 1622 2464 Anabaptistica

423 2463 575 2560 perfidia
602 2465 663 2536 vix
690 2467 725 2536 in
748 2458 892 2536 Frisam
917 2461 1002 2538 turb
1019 2462 1149 2539 nostras
1178 2469 1295 2539 literas
1317 2465 1503 2561 pervenire
1521 2465 1621 2552 srnit,

425 2583 491 2633 nec
510 2561 648 2653 ignoras
674 2583 841 2656 quantum
858 2557 942 2630 inde
957 2561 1024 2633 iter
1042 2561 1078 2630 in
1097 2559 1229 2634 ltaliam
1249 2557 1300 2632 fit
1350 2560 1398 2634 Et
1414 2583 1481 2656 ego
1504 2565 1620 2658 quoti·

425 2657 535 2728 diariis
559 2655 873 2751 occupationibus,
902 2655 1309 2752 peregrinationibusque
1332 2655 1379 2731 fic
1405 2655 1553 2753 fatigor,
1579 2680 1620 2734 ut

421 2774 502 2826 meo
525 2751 640 2824 animo
664 2753 700 2824 in
724 2755 914 2826 amicorum
936 2747 1059 2826 officiis
1090 2756 1202 2826 veteri
1226 2774 1322 2824 more
1342 2750 1538 2827 satisfacere
1560 2777 1619 2828 nc·

422 2871 560 2943 queam.
609 2845 717 2921 Nunc
739 2846 853 2922 rursus
872 2846 916 2920 ad
940 2845 1192 2922 Vormatiensra
1210 2849 1364 2924 Comitia
1388 2873 1442 2920 me
1464 2871 1621 2944 apparo,

424 2945 484 3016 ubi
501 2967 545 3016 ex
575 2945 767 3016 communis
786 2943 926 3037 lrnperii
950 2941 1204 3039 &Principum
1228 2943 1426 3016 Germaniae
1451 2944 1619 3018 sententia

333 3061 337 3069 ·
424 3041 468 3111 de
489 3040 624 3109 auxiliis
647 3061 770 3112 contra
797 3037 1034 3134 Anabaptistas
1066 3040 1292 3112 decernendis
1329 3063 1460 3130 agetur.
1520 3039 1618 3114 Bene

424 3130 562 3205 vale&
589 3133 643 3208 sac
675 3160 741 3208 nos
770 3137 838 3209 tuis
864 3134 1134 3210 interdum'srui
1163 3136 1284 3208 literis.
1335 3133 1533 3209 Dulmaniae
1560 3157 1621 3230 27.

423 3225 601 3302 Februarii
628 3251 734 3324 1535.

443 3437 449 3456 ’
592 3431 1427 3527 EPISTOLALXIII.
1651 3463 1772 3531 arra

1649 3562 1698 3604 mo
1719 3548 1760 3610 11.

552 3631 1052 3726 FRANCISCO
1106 3632 1487 3728 RUP1L10.
1647 3622 1791 3702 ‘⁰¹·²⁹³··
1846 3719 1880 3742 .,

1646 3698 1708 3762 vso.

416 3869 573 3988 Quibus
613 3865 856 3981 facientibus
894 3870 950 3952 od
992 3893 1133 3957 munus
1175 3865 1379 3985 Affefflrtis
1422 3865 1609 3959 ‘camera
1661 3909 1771 3986 1735„

627 3979 862 4100 Imperialis
889 3979 1084 4097 Spirerfir
1106 4003 1312 4097 promotus
1325 3981 1415 4091 stt.v

417 4208 673 4374 UTinam3
698 4208 887 4320 charisime
903 4207 1013 4300 Rupili
1022 4258 1035 4295 ,
1068 4226 1199 4282 tantam
1215 4205 1282 4282 tibi
1303 4205 1446 4282 vicillrm
1462 4229 1508 4283 ex
1529 4231 1605 4283 mea

543 4326 692 4383 amictus
715 4309 901 4380 utrlttatern
922 4303 1078 4401 praeberc
1106 4300 1261 4399 possem,
1294 4322 1456 4401 quantam
1477 4326 1543 4398 ego
1567 4306 1604 4380 δι

414 4417 514 4481 antea
536 4405 710 4504 percepi,
734 4403 772 4481 δι
795 4403 955 4502 quotidie
981 4399 1266 4589 exztegpercipio.
1317 4398 1527 4497 Quanquam
1535 4423 1610 4570 ἐξ
