4840 5830
707 657 766 750 16
820 643 1057 749 VIGLII
1084 669 1152 739 aa
1180 643 1444 742 AYTTA
1479 633 1839 746 ZUICHEM'

710 845 776 926 etsr
795 843 880 920 mihi
906 843 993 916 nihil
1015 839 1135 936 potuit
1163 841 1366 938 contingere
1386 844 1560 955 optatius,
1584 865 1708 942 magna
1726 863 1841 920 tamen
1859 843 1913 922 so·

579 963 584 972 ’
712 940 897 1021 licitudine
912 937 1044 1014 afficior
1066 939 1245 1034 quomodo
1272 940 1360 1012 tanti
1386 943 1454 1012 virr
1478 961 1562 1036 erga
1581 962 1635 1016 me
1657 941 1912 1018 benevolentiae

713 1037 926 1134 respondere
943 1057 1080 1131 queam.
1130 1031 1220 1106 Eam
1235 1056 1323 1108 vero
1340 1036 1436 1128 qnod
1451 1061 1564 1133 nuper
1580 1039 1684 1112 etiam
1703 1038 1844 1134 publice
1863 1059 1913 1114 te-

714 1136 817 1218 stari,
843 1133 880 1207 &
908 1153 965 1204 me
987 1151 1119 1203 aeterno
1144 1130 1323 1203 literarum
1345 1149 1481 1206 tuarum
1503 1137 1638 1207 honore
1664 1133 1915 1212 immortalitati

715 1227 916 1307 consecrare
932 1227 1106 1313 volueris,
1118 1221 1177 1298 etii
1191 1248 1262 1299 non
1279 1226 1393 1321 potest
1408 1227 1492 1303 mihi
1508 1251 1579 1303 non
1597 1226 1662 1302 ess'e
1671 1231 1914 1326 gratiffimum‚

679 1409 683 1419 ,
714 1323 880 1404 erubesco
897 1344 1011 1396 tamen
1031 1343 1101 1394 tam
1116 1321 1225 1395 multa
1245 1344 1301 1394 me
1316 1323 1383 1396 tibl
1399 1323 1524 1399 debere
1541 1345 1618 1418 quae
1650 1345 1726 1398 tota
1749 1329 1915 1404 videlicet

714 1427 790 1500 vita
812 1419 994 1495 dissolvere
1025 1438 1208 1512 nequeam.
1257 1417 1397 1493 Vereor
1419 1440 1533 1498 autem
1561 1421 1600 1496 δι
1626 1423 1759 1509 timeo,
1784 1446 1828 1496 ne
1854 1426 1915 1498 ad·

700 1517 836 1594 ‘versus
851 1516 933 1589 istos
958 1513 1038 1587 solis
1061 1515 1176 1587 radios
1201 1514 1327 1587 intueri
1353 1516 1467 1590 adhuc
1493 1514 1635 1612 polium,
1660 1540 1748 1590 neve
1776 1519 1837 1594 ubi
1860 1544 1916 1594 me
1963 1609 1966 1616 Ι

715 1613 814 1691 dotti
833 1633 969 1687 tuarum
986 1611 1208 1706 epistolarum
1232 1610 1409 1684 avidiffimi
1425 1610 1573 1688 lestores
1592 1616 1842 1707 cognoverint,
1856 1640 1916 1690 ve·

714 1715 769 1788 lut
790 1709 1020 1786 adulterinum
1043 1709 1181 1801 pullum
1200 1701 1238 1776 &
1261 1706 1465 1801 degenerem
1492 1707 1616 1802 (cujus
1632 1710 1722 1782 acies
1739 1733 1810 1782 non
1826 1709 1918 1786 ferat

715 1805 981 1882 immortalitatis
1003 1802 1142 1896 lucem)
1169 1823 1188 1874 e
1214 1802 1298 1875 nido
1330 1807 1570 1900 praecipitent,
1597 1825 1663 1878 nec
1695 1806 1732 1876 in
1762 1801 1828 1880 illo
1854 1829 1916 1881 tuo

716 1905 800 1980 albo
816 1901 1012 1976 admittant.
1038 1897 1169 1969 Dicent
1192 1898 1282 1969 enim
1302 1897 1470 1986 fortallrs,
1496 1903 1604 1974 modo
1621 1901 1733 1973 infans
1751 1923 1841 1976 erat:
1866 1901 1915 1978 stc

716 2023 764 2074 ne
781 2016 926 2095 repente
945 1994 1053 2068 Poeta
1075 1992 1254 2066 destertuit
1279 1994 1351 2092 (1)
1377 1996 1466 2083 elle3
1491 1998 1649 2070 &audet
1673 1993 1766 2070 suam
1789 1997 1918 2094 episto·

716 2099 786 2172 lam
801 2095 904 2168 velut
915 2087 1042 2164 filicem
1058 2093 1149 2161 inter
1162 2088 1374 2166 Erasmianas
1392 2095 1467 2166 illas
1487 2093 1689 2189 margaritas
1705 2096 1866 2189 ponere?
1878 2095 1916 2169 Ο

715 2188 890 2267 scribendi
915 2185 1120 2261 cacoethes!
1146 2184 1244 2277 Quid
1268 2189 1350 2262 alias
1372 2188 1649 2284 reprehenlionis
1678 2211 1777 2265 notas
1802 2215 1920 2268 recen·

719 2287 838 2364 seam?
863 2283 973 2378 Quod
989 2283 1137 2378 juvenili
1153 2285 1347 2360 temeritate
1364 2284 1487 2360 dudlus
1499 2286 1598 2360 ausus
1615 2283 1739 2362 fuerim
1751 2286 1919 2366 summum

719 2384 833 2458 aetatis
849 2376 1102 2454 nostraevirum
1121 2380 1229 2452 literis
1247 2383 1582 2477 meisinrerpellate‚
1606 2381 1715 2477 iisque
1735 2383 1825 2458 adeo
1847 2389 1919 2458 ine·

720 2479 793 2578 ptis
811 2478 849 2553 δι
866 2475 1019 2572 ignotus.
1053 2475 1193 2568 Quare,
1207 2473 1406 2549 Doiiilsrtue
1422 2478 1554 2566 Erusrur
1564 2526 1577 2564 ,
1593 2473 1655 2549 nist
1678 2477 1739 2551 hic
1752 2479 1920 2556 clientulo

720 2596 786 2650 tuo
830 2573 1064 2656 atrocineris,
1089 2572 1192 2667 plane
1219 2592 1264 2642 ex
1282 2567 1345 2644 ista
1368 2569 1493 2658 scena,
1517 2570 1555 2642 in
1578 2593 1681 2665 quam
1701 2571 1813 2666 ipsum
1834 2599 1922 2674 pro·

719 2671 807 2747 duxi
840 2671 875 2754 '‚
908 2668 1128 2764 exploderur.
1177 2663 1275 2737 Tute
1304 2665 1389 2740 mihi
1415 2669 1486 2742 hoc
1510 2667 1632 2742 intristi
1658 2666 1734 2764 (a)
1748 2719 1761 2757 ,
1794 2695 1860 2749 oro
1884 2696 1924 2750 ut

720 2773 797 2843 e'us
815 2789 835 2842 a
856 2785 913 2838 rne
930 2765 1070 2860 culpam
1088 2761 1274 2848 defendam
1298 2784 1377 2834 nam
1396 2763 1492 2857 quod
1510 2785 1581 2838 tuae
1598 2787 1653 2838 me
1679 2767 1840 2843 amicitiae
1855 2771 1923 2847 stu·

714 2793 822 2940 tiore
845 2857 1062 2942 inlinuarim‚
1087 2855 1148 2930 etsr
1167 2857 1284 2931 careri
1310 2859 1594 2956 repraehendent,
1620 2883 1676 2938 me
1694 2884 1810 2938 tamen
1827 2890 1926 2941 nom·

722 2981 829 3057 quam
858 2952 1046 3052 prenitibit.
1097 2951 1250 3046 Culpam
1273 2975 1411 3044 tamen,
1435 2957 1532 3054 quod
1558 2979 1636 3031 mea
1662 2956 1808 3053 epistola
1832 2965 1924 3038 inter

721 3074 800 3130 tuat
817 3052 996 3150 publicata
1007 3047 1267 3145 fit,longiffime
1284 3075 1304 3127 a
1320 3074 1374 3123 me
1391 3050 1503 3126 abess'e
1522 3055 1672 3149 cupiam.
1700 3051 1923 3154 Quamquam

724 3153 820 3228 enirn
836 3149 948 3221 minus
970 3146 1132 3220 deberem
1153 3147 1267 3219 vereri
1287 3169 1362 3221 earn
1376 3149 1412 3221 iu
1435 3147 1624 3224 Laeliomm
1641 3171 1762 3224 manus
1778 3157 1925 3249 venire,

722 3243 911 3348 postquam
925 3266 945 3317 a
960 3260 995 3318 te
1014 3239 1130 3318 Petfio
1154 3242 1303 3340 probata
1319 3239 1391 3337 est,
1414 3265 1530 3321 tamen
1552 3267 1658 3332 ortu
1681 3269 1827 3324 caeteros
1846 3276 1925 3326 eru·

1790 3347 1923 3425 ditione
2028 3425 2036 3432 ,

770 3513 835 3600 (ι)
856 3509 903 3611 dir
915 3531 951 3578 ne
961 3511 1177 3666 rymepuiro
1190 3511 1339 3601 destertuit
1354 3517 1455 3604 effer]
1479 3517 1655 3588 Imitatum
1670 3521 1810 3592 videtur
1820 3539 1863 3592 ex
1878 3518 1924 3592 A.

726 3597 840 3671 Petro
859 3615 896 3666 un
916 3617 982 3684 pro
997 3616 1076 3686 ogo.

999 3759 1070 3826 Ner
1081 3757 1171 3845 sonte
1193 3759 1279 3826 lubra
1293 3761 1397 3846 prolui
1418 3761 1593 3831 Cubollino:

1003 3841 1072 3908 Nec
1091 3849 1123 3906 in
1143 3843 1257 3929 bicipiti
1267 3844 1427 3930 Jomrtr'offl
1447 3845 1596 3931 Poruuffl

1000 3925 1145 4004 Memini,
1166 3943 1200 3992 ιιι
1220 3943 1334 4012 repente
1346 3928 1390 4014 fic
1410 3927 1504 3996 Poita
1518 3929 1681 4017 prodirem.

773 4083 957 4164 Delierto,
978 4085 1025 4162 is,
1046 4086 1102 4156 ui,
1123 4103 1193 4155 ere.
1238 4086 1383 4174 Crfferde
1403 4089 1523 4170 muster.
1545 4087 1724 4175 Postquam
1737 4089 1926 4166 destertuit.

730 4173 837 4248 sunno
868 4175 1030 4237 excitatur.
1071 4167 1270 4239 Varnierius
1290 4173 1326 4238 in
1344 4171 1436 4255 Didi.
1454 4171 1609 4258 poetico.

795 4252 837 4337 a)
861 4250 976 4336 intristi
988 4251 1002 4336 ]
1027 4251 1068 4320 ab
1089 4253 1199 4320 verbo
1219 4253 1328 4323 Iutero.

823 4349 851 4401 te
869 4335 921 4400 ior
946 4333 1058 4420 intristi
1070 4383 1082 4418 ,
1112 4335 1166 4401 tibi
1194 4356 1277 4404 omne
1306 4335 1558 4492 almericum.
1599 4335 1681 4406 Ter.
1722 4337 1819 4436 vous
1839 4361 1928 4414 vous

727 4429 820 4576 ᾗῇ
831 4417 1066 4579 ςωιιιῗξῖιι
1086 4418 1233 4505 dedans,
1256 4421 1308 4494 c’e
1357 4437 1486 4494 trous
1507 4438 1527 4493 a
1545 4421 1635 4495 rous
1656 4437 1702 4492 eu
1722 4436 1818 4498 uret.
1859 4427 1927 4500 Ριι.
