4742 5814
563 615 757 718 EPIST.
785 611 1093 714 SELECTAE
1118 635 1184 710 nu
1219 611 1549 750 DIVERSOS.
1579 631 1664 745 289

467 815 764 897 communicatio,
807 812 846 889 &
873 813 918 887 ad
951 832 1143 887 extremum
1169 813 1254 888 vitae
1285 811 1444 888 siritum
1488 813 1661 912 perducia

465 913 615 991 amicitia
630 907 835 996 intercessit,
860 931 1083 984 monumenta
1099 907 1163 984 tibi
1181 910 1284 1004 legen
1309 932 1329 982 a
1347 909 1511 988 offerrem
1532 913 1568 984 in
1586 915 1663 1010 qui·
1776 909 1778 915 ⁸
1807 963 1810 972 2

466 1013 533 1085 bos
565 1006 643 1084 cuim
669 1008 775 1104 plane
799 1003 918 1081 divina
938 1004 1097 1103 quaedam
1121 1006 1254 1102 ingenii
1288 1006 1344 1081 vis
1369 1026 1560 1104 appareat,
1584 1025 1661 1084 tum

465 1105 555 1181 nihil
579 1103 697 1179 nostro
720 1101 848 1178 saeculo
862 1125 905 1177 eo
922 1104 958 1176 in
972 1123 1100 1198 genere
1112 1095 1251 1176 suavius
1270 1101 1402 1178 editum
1418 1105 1452 1178 le
1478 1106 1487 1122 '
1548 1101 1661 1202 Quod

466 1200 531 1278 etsi
554 1202 739 1298 proprium
752 1195 794 1273 lit
810 1197 979 1273 basiorum
996 1198 1177 1296 epitheton
1201 1194 1321 1294 (unde
1346 1196 1385 1273 δι
1404 1200 1442 1296 ip
1457 1223 1478 1274 a
1494 1199 1661 1277 videlicet

464 1295 643 1382 suaviola,
666 1293 959 1392 suaviationesque
982 1291 1101 1368 dixisse
1115 1312 1254 1369 veteres
1277 1294 1466 1394 videntur)
1491 1297 1593 1392 hujus
1610 1315 1661 1370 ta·

468 1417 550 1467 men
577 1391 663 1467 mihi
681 1387 843 1466 melliflua
870 1391 1022 1466 carmina
1069 1391 1204 1464 uaedam
1233 1388 1430 1467 dulcedinis
1439 1393 1565 1490 ’gratia
1587 1390 1660 1490 ipsa

466 1511 550 1567 cum
572 1511 611 1562 re
634 1507 768 1564 certare
791 1487 976 1577 videntur,
1008 1487 1055 1561 du
1082 1487 1153 1560 ium
1178 1486 1230 1558 uti
1260 1485 1401 1575 existat,
1432 1489 1585 1566 verbane
1609 1489 1661 1565 rel

466 1609 514 1660 an
539 1607 594 1659 rea
616 1584 736 1658 verbis
759 1579 958 1659 manitatem
973 1581 1133 1656 addant?
1159 1579 1259 1681 Quid
1283 1581 1396 1657 dicam
1415 1583 1459 1658 de
1482 1585 1555 1659 aliia
1578 1581 1659 1682 quae'

467 1703 589 1778 parem
612 1677 809 1755 felicitatem
832 1701 908 1776 pcae
927 1677 962 1754 se
976 1677 1118 1753 ferunt?
1142 1675 1307 1773 fiquidem
1319 1699 1474 1768 amores,
1499 1680 1658 1782 dolores,

464 1775 707 1948 illeille
721 1771 1660 1969 illltelllill‘lllllfflillssllilul

464 1967 533 2043 tibi
550 1991 693 2067 quoque
710 1965 926 2064 Biturigibus
945 1963 1126 2042 innotuisse
1142 1965 1311 2052 arbitror,
1334 1969 1393 2042 vel
1415 1989 1511 2057 mea,
1535 1971 1595 2044 vel
1619 1971 1663 2044 il·

468 2066 553 2150 lius,
577 2067 637 2140 vel
651 2083 712 2136 tua
727 2061 832 2161 ipsius
852 2061 972 2149 causa,
993 2059 1133 2138 isthunc
1155 2059 1273 2160 quaeso
1299 2060 1453 2139 libellum
1479 2066 1661 2164 perlegere

469 2183 540 2236 non
556 2163 722 2256 graveris.
769 2156 829 2232 Ao
853 2163 951 2256 cuius
973 2158 1035 2234 ubi
1052 2158 1256 2256 perveneris
1279 2161 1432 2247 calcem,
1455 2181 1526 2235 non
1551 2160 1661 2238 modo

471 2256 618 2333 tantulae
634 2277 755 2352 operae
779 2255 921 2353 oleique
940 2259 1079 2330 minime
1103 2273 1140 2327 te
1159 2253 1360 2424 penitebit,
1384 2253 1444 2330 sed
1470 2253 1535 2331 sati
1558 2260 1662 2332 etiarn

469 2353 690 2448 iniquitatem
709 2373 843 2426 mecum
861 2351 1060 2438 accusabis,
1084 2370 1158 2446 quo
1210 2367 1345 2422 tantum
1369 2353 1546 2450 ingenium
1571 2355 1661 2428 adeo

464 2466 710 2546 praematuree
727 2449 818 2524 vivia
845 2447 947 2524 nobis
969 2445 1154 2522 sustulerit.
1204 2443 1303 2520 Vale.
1352 2445 1411 2522 Ex
1443 2447 1661 2548 ingolstadio

467 2566 523 2636 14·
548 2539 716 2618 ociorum
744 2561 849 2634 154¹·

679 2744 1186 2882 uu1suoun
1258 2747 1459 2866 oux.
1541 2837 1556 2846 ..
1689 2761 1813 2828 nn.

1687 2863 1737 2906 mo
1752 2841 1812 2904 111.

1687 2921 1742 2988 iol.
1764 2922 1833 2996 316.

466 2945 1658 3122 Amuouropuuuuuououprs‘couo

465 3140 472 3148 ·
776 3145 1338 3242 Acuunnuuusr

466 3358 741 3454 Granoellano
777 3361 887 3452 ciuili
924 3389 973 3452 ac
1008 3360 1156 3451 urbano
1184 3361 1375 3479 sermone
1411 3371 1657 3463 commendat
1707 3398 1811 3476 1541.

585 3601 588 3618 ¹
673 3475 954 3590 seadmotum
979 3481 1072 3589 jam
1097 3475 1220 3594 Reip.
1248 3477 1429 3596 Belgica.
1626 3519 1632 3530 ¹

551 3695 649 3774 Uum
664 3715 726 3784 te,
759 3692 1051 3772 Reverendiffime
1079 3693 1251 3783 Antistes,
1275 3722 1333 3772 eas
1357 3719 1447 3774 artes
1475 3725 1541 3798 per
1592 3727 1654 3782 uae

575 3815 702 3891 parens
718 3811 798 3866 tuus
815 3792 859 3867 ad
886 3813 957 3865 tam
972 3791 1135 3865 illustrem
1156 3796 1332 3869 honorum
1346 3796 1492 3890 gradum
1513 3821 1577 3874 eve
1614 3823 1656 3876 uc
1701 3839 1703 3845 ⁸

465 3892 514 3967 est
525 3900 544 3977 ,⁸
562 3911 633 3964 non
647 3885 759 3962 solim
775 3907 949 3983 tanlquam
967 3887 1199 3962 haereditarias
1216 3889 1347 3964 summo
1362 3890 1475 3967 studio
1494 3893 1656 3993 ampleiii

464 4007 571 4085 atque
592 3985 780 4073 excolere,
812 3979 935 4058 verium
962 3985 1064 4058 etiam
1088 3987 1269 4060 earundem
1298 3985 1466 4078 studiosos
1493 3987 1656 4089 fingulari

327 4167 329 4174 ,
448 4081 711 4159 -benevolentit
739 4077 930 4175 savoreque
965 4075 1120 4174 dignari,
1149 4077 1451 4158 laudatissimorum
1474 4087 1657 4167 hominum

491 4179 733 4261 radicatione,
759 4175 939 4264 testatum,
963 4195 1065 4268 atque
1083 4177 1186 4251 etiam
1202 4175 1344 4272 ipsemet
1369 4201 1585 4278 compertum
1596 4184 1658 4258 ha·

463 4203 584 4354 Ecum:
610 4273 789 4350 merito&
804 4295 870 4364 eo,
894 4271 931 4348 &
947 4273 1060 4362 Boisoti
1083 4271 1152 4370 (1)
1178 4275 1306 4348 veterio
1325 4276 1425 4350 amici
1441 4281 1659 4355 commenda·

1561 4397 1657 4454 tione

510 4472 574 4558 (1)
594 4473 728 4566 Boisoti]
751 4475 881 4551 Caroli.
901 4475 957 4547 De
972 4491 1041 4561 quo
1063 4473 1107 4543 ad
1129 4475 1249 4544 Vitam
1264 4474 1311 4545 N.
1330 4475 1421 4548 XLI.

512 4556 595 4633 Tum
622 4561 683 4636 11.
1091 4556 1164 4634 00
