4882 5804
617 567 809 668 uersu.
837 491 1143 666 senecen
1168 589 1235 662 m
1262 567 1593 674 orvansos„
1645 601 1732 695 κῃ

531 745 656 846 gladio
680 750 860 845 accingere
890 749 1016 846 milites
1039 746 1292 826 Christi'solet.
1351 747 1462 846 Quod
1490 748 1601 828 libic
1629 749 1728 826 lubet

536 848 706 942 exemplis
726 843 946 930 confirmare,
970 869 1009 934 re
1072 847 1180 921 iemus
1197 870 1241 922 eo
1258 865 1415 942 tempore
1438 861 1511 944 quo
1532 846 1667 922 sacrum
1686 847 1728 921 il·

535 942 599 1015 lud
618 943 746 1018 bellum
764 965 784 1016 a
801 961 876 1015 tota
892 964 985 1035 pene
1032 963 1143 1038 uropa
1155 941 1347 1039 susceptum
1366 941 1435 1016 fuit
1456 942 1619 1016 Urbanum
1634 941 1728 1018 Pon·

536 1035 767 1125 tilicem3non
787 1036 934 1110 Clericis
950 1037 1058 1112 modd
1075 1041 1255 1134 plurimis,
1280 1036 1403 1112 verbm
1420 1041 1525 1112 etiam
1540 1037 1727 1135 Episcopit

535 1155 629 1206 arma
638 1131 841 1207 conceffiffe.
850 1131 1029 1228 Equestris
1039 1134 1357 1209 autemordoetiam
1365 1153 1463 1207 extra
1476 1131 1727 1210 cathedrata

535 1228 799 1324 expeditionum
810 1227 1035 1302 necestitatem
1049 1232 1162 1304 durat.
1179 1231 1239 1304 An
1255 1229 1469 1316 dubitemus,
1484 1231 1611 1304 multos
1626 1227 1727 1304 fuisse

533 1319 682 1418 Equites
702 1317 877 1398 Romanor
894 1324 977 1398 olim
992 1323 1180 1420 dignitate,
1201 1327 1264 1424 qui
1277 1347 1454 1420 nunquam
1473 1324 1604 1399 hostem
1625 1325 1728 1399 vidis·

536 1421 638 1506 sent?
658 1420 715 1491 An
726 1441 797 1492 non
812 1419 958 1494 &idem
975 1421 1079 1493 hodie
1090 1421 1267 1506 videmus,
1285 1417 1412 1495 crim&
1422 1417 1595 1495 Dudtoret
1606 1420 1727 1515 Eque·

536 1511 596 1590 stri
613 1515 786 1590 interdum
811 1515 945 1589 honore
966 1511 1146 1624 fulgeantl
1171 1516 1386 1590 Exercitium
1414 1517 1533 1610 itaque
1552 1537 1725 1590 armorum

536 1606 917 1722 Clericislinterdidium
928 1611 996 1699 est,
1019 1613 1249 1722 imaginarie,
1260 1609 1505 1722 Equestrilque
1516 1612 1649 1686 militiae
1665 1611 1725 1686 de·

464 1771 471 1782 ·
523 1703 1724 1897 ἓξὲξΙὲὰῗῑὲῗιὲᾶὲᾞῗὲἓῖἓ·3ἱέιὲἒῖἑὲἓὲἓὲἓῖᾞὲΐὲῗῇ

535 1895 1420 2086 llll?‘sillbtllbltllllllll‘lll
1435 1896 1724 2066 lllltlll·

537 2092 653 2184 plere:
671 2089 811 2159 minime
827 2111 906 2162 curn
921 2083 1096 2160 sacrorum
1112 2085 1318 2182 profeffione
1334 2085 1475 2182 hujusce
1487 2089 1664 2184 dignitato
1681 2108 1724 2161 tt·

537 2187 651 2258 tulum
669 2203 845 2278 pugnare,
869 2179 1046 2257 manifeste
1066 2185 1253 2280 colligitur.
1288 2180 1368 2257 Nec
1384 2205 1516 2277 pauens
1529 2182 1602 2279 ipse
1617 2185 1723 2269 novi,

538 2280 599 2378 qui
623 2275 693 2352 line
724 2279 795 2352 ulla
818 2301 855 2352 re
900 2275 1432 2375 aehenfione&controvers1a‚
1456 2275 1588 2352 tametii
1619 2277 1724 2354 sacris

534 2371 809 2456 intonarent,
886 2371 1183 2469 ierosolymitanus
1207 2372 1275 2448 sese
1297 2371 1444 2470 Equites
1467 2369 1570 2447 inseri
1596 2370 1724 2454 lerunt.

536 2467 629 2559 Quis
646 2470 754 2564 igitur
772 2469 863 2543 vitio
881 2469 945 2541 tibi
959 2491 1093 2555 vertat,
1119 2471 1180 2565 qui
1205 2489 1276 2542 non
1301 2471 1518 2556 ambitione,
1555 2395 1615 2542 [gd
1643 2469 1723 2542 reli·

560 2569 660 2650 ione,
691 2565 805 2638 crucis
829 2561 961 2660 inligne
986 2587 1055 2638 una
1080 2589 1159 2638 cum
1184 2586 1310 2660 torque
1340 2562 1501 2660 Equestri
1524 2561 1724 2660 suscepisti?

535 2591 1724 2946 denuntiaturapatientientiae:

535 2855 648 2927 voluit
698 2853 756 2926 cui
778 2851 901 2925 meritd
926 2853 1092 2948 quicquid
1111 2855 1147 2924 in
1167 2853 1233 2924 hac
1256 2853 1348 2934 vita,
1372 2853 1431 2925 vel
1447 2851 1638 2926 ornamenti
1657 2851 1718 2926 vel

436 2961 442 2972 '
535 2949 757 3024 emolumenti
787 2945 966 3040 obtingit,
999 2967 1181 3042 acceptum
1211 2941 1376 3042 ferituris)
1410 2969 1449 3020 ut
1473 2967 1510 3020 tu
1531 2943 1590 3016 sub
1613 2942 1743 3042 ipsius]

533 3047 669 3118 vexillis
689 3065 816 3116 nomen
838 3041 967 3126 dares,
1001 3063 1042 3114 ac
1065 3045 1101 3114 in
1134 3039 1237 3137 ipfius
1258 3063 1419 3115 numeror
1451 3039 1720 3116 adscribererisi

535 3137 626 3211 Cium
644 3159 698 3213 tot
718 3140 825 3232 igitur
841 3137 942 3224 bonis
957 3158 999 3210 ac
1020 3137 1178 3210 laudibus
1197 3140 1273 3210 haec
1297 3158 1362 3212 tua
1379 3135 1612 3246 peregrinatio
1638 3159 1721 3210 exu-
1866 3203 1868 3208 .

534 3233 651 3321 beret,
675 3234 906 3308 sanctimonie
933 3230 970 3305 δι
991 3233 1129 3325 pietatis
1153 3231 1268 3306 fruar
1294 3255 1372 3304 curn
1397 3235 1518 3327 prirnrs
1545 3254 1720 3306 commen·

535 3329 666 3413 danda,
691 3349 768 3424 quae
787 3326 1056 3422 jucundiffimam
1080 3328 1145 3400 tibi
1168 3327 1310 3402 subinde
1334 3326 1387 3400 sui
1409 3326 1606 3400 memoriam
1619 3325 1719 3402 refri-

534 3445 590 3496 cet
609 3423 843 3498 condecorato
860 3425 963 3495 etiam
981 3424 1153 3517 primariae
1172 3425 1265 3496 inter
1280 3423 1412 3495 nobiles
1429 3423 1606 3518 dignitatis
1625 3425 1718 3498 ordi·

534 3542 586 3590 ne.
628 3519 726 3612 Quid
753 3515 935 3610 superest,
971 3517 1188 3591 Ornatiliime
1213 3521 1261 3590 mi
1284 3519 1472 3602 Wilbelme,
1505 3515 1567 3590 nifi
1594 3535 1634 3590 ut
1651 3541 1717 3595 noe

532 3613 597 3686 tibi
620 3617 928 3708 congratulemur,
960 3614 1025 3685 tibi
1055 3611 1191 3700 faulla,
1224 3613 1349 3687 foelicia
1375 3635 1417 3684 ac
1442 3633 1611 3706 perpetua
1640 3615 1718 3688 haec

532 3711 658 3804 gaudia
673 3707 712 3780 δι
728 3727 927 3782 ornamenta
939 3729 1141 3802 precemur,
1151 3731 1193 3783 ae
1209 3709 1244 3780 in
1260 3709 1434 3802 posterum
1451 3730 1579 3801 majora
1596 3706 1659 3780 tibi
1677 3725 1719 3784 ut

532 3806 760 3899 contingant,
792 3821 977 3896 optemus,
1009 3825 1113 3898 atque
1136 3807 1356 3878 ominemurl
1383 3801 1457 3894 Qui
1481 3803 1624 3874 enimin
1649 3805 1718 3881 hac

530 3921 632 3974 aetate
654 3919 709 3974 tot
729 3897 920 3971 honoribus
938 3897 1056 3970 audiun
1071 3923 1130 3983 ea,
1154 3899 1259 3971 facies
1303 3899 1434 3972 uotidie
1457 3919 1534 3969 curn
1553 3896 1635 3994 ipsu
1657 3923 1721 3975 an·

534 3999 588 4068 nis
629 3998 747 4068 tadum
774 3993 840 4090 (ut
854 3993 1052 4087 speramus)
1069 3995 1110 4065 ad
1129 3994 1257 4089 majora
1270 3923 1581 4090 pplendidioraque.
1606 3991 1718 4084 Quod

534 4111 572 4163 ut
616 4113 651 4163 at
676 4089 793 4161 Deum
819 4109 893 4180 opt.
919 4089 1017 4159 Max.
1043 4111 1191 4184 precor,
1228 4108 1267 4160 ut
1287 4090 1347 4184 qui
1364 4085 1528 4161 habienus
1554 4094 1717 4190 tamsho-

533 4183 628 4260 nesta
644 4181 784 4260 confilia
806 4184 869 4256 tibi
895 4181 1073 4280 inspiravit
1098 4205 1139 4256 ac
1166 4185 1314 4267 direxit,
1349 4184 1534 4277 majoribus
1559 4187 1716 4280 quotidie

530 4277 612 4352 beni
638 4281 753 4354 nitatis
775 4279 844 4353 suae
868 4277 969 4364 donis
994 4299 1028 4348 te
1052 4277 1114 4352 fibi
1130 4279 1340 4373 obstringere
1365 4299 1498 4374 pergat.
1546 4277 1717 4372 beneva-

530 4304 756 4546 lergattfflii.
805 4373 942 4472 Quinto
967 4372 1052 4452 idue
1074 4375 1208 4544 Aprilgs
1231 4398 1322 4452 anno
1349 4393 1452 4468 1533.
1607 4467 1703 4544 EPI

606 4493 665 4552 om·
721 4521 732 4543 ὑ
1702 4508 1718 4550 .‘
