4612 5850
657 541 1805 680 ,aovronrut'nrrrnzorcnnnr

657 781 709 836 rae
723 755 983 840 meminerunt,
1001 749 1254 828 redimerentur
1261 777 1279 840 ·,
1301 749 1399 848 quod
1415 747 1454 825 δι
1469 751 1515 829 de
1537 749 1613 830 aliia
1631 751 1669 830 in
1686 749 1863 852 Geldrir,

654 854 870 940 Brabantia,
895 848 1097 947 caterisque
1118 845 1161 923 lit
1182 843 1396 936 Provinciis,
1421 869 1592 944 quatenus
1618 849 1655 932 l'e
1681 855 1794 931 erarii
1807 879 1860 933 rt,

654 954 770 1028 rione'r
789 943 993 1026 extendunt.
1045 943 1157 1036 Quod
1180 964 1298 1021 autem
1314 941 1514 1020 Brabantiae
1534 941 1600 1022 fint
1625 951 1861 1047 applicanda,

655 1050 745 1126 mihi
768 1045 912 1145 quidem
936 1043 1121 1157 cognitum
1139 1061 1212 1117 non
1236 1039 1296 1114 est.
1345 1037 1396 1114 Et
1413 1061 1505 1136 quan
1533 1065 1613 1120 uam
1628 1043 1701 1142 jam
1725 1048 1862 1147 aliquot

620 1225 624 1234 ,
656 1143 801 1231 seculis,
825 1140 950 1219 litteris
967 1139 1101 1236 jornali
1120 1157 1163 1212 ut
1190 1156 1349 1225 vocant,
1381 1135 1499 1213 Irrrrir
1553 1189 1566 1228 ,
1599 1165 1620 1216 a
1642 1139 1863 1224 Brabantin'm
1946 1191 1953 1206 ·

443 1317 449 1326 ,
552 1257 553 1262 ‘
657 1239 701 1328 sst
717 1240 756 1315 id
775 1240 947 1338 petitum,
971 1234 1106 1332 adjecta
1128 1252 1245 1307 tamen
1267 1230 1337 1308 fuit
1362 1255 1478 1332 nuper
1500 1235 1538 1310 in
1563 1235 1740 1410 Principia
1766 1265 1861 1320 tete.

660 1337 785 1437 ptione
800 1334 984 1421 limitatio,
1008 1349 1182 1427 quatenus
1198 1327 1331 1405 scilicet
1344 1326 1382 1403 id
1402 1330 1478 1406 'ure
1498 1329 1665 1504 Magallar
1691 1333 1862 1416 uaftotte
1905 1362 1924 1390 ··
2017 1355 2021 1364 ’

658 1417 807 1608 Rotaria.
831 1428 943 1522 Quod
958 1428 1100 1526 quidem
1119 1446 1191 1502 non
1210 1425 1332 1514 aliter,
1349 1449 1374 1524 q
1466 1449 1561 1526 parti
1584 1454 1627 1506 nr
1642 1435 1767 1510 auditis
1785 1433 1864 1512 lieri

675 1523 1099 1624 ‚ebereantenigidebee
1133 1522 1336 1598 mamobrem
1346 1523 1483 1603 inanem
1497 1526 1602 1603 vobit
1615 1527 1717 1605 isthic
1730 1551 1862 1606 metum

662 1625 885 1702 Craaroellr'as
900 1621 1078 1698 excitavit.
1152 1615 1290 1697 cesana
1312 1621 1343 1696 ia
1360 1617 1538 1716 pollellori
1556 1623 1716 1720 prodelle
1733 1627 1864 1728 debet,

686 1745 736 1800 uo
748 1721 994 1798 videlicethoc
1030 1735 1177 1794 raetextu
1192 1717 1322 1814 pignus
1335 1718 1389 1794 illi
1401 1719 1629 1816 relinquatur·
1647 1719 1781 1800 Scribit
1789 1749 1865 1801 ror-

659 1743 718 1898 Fur
732 1820 777 1894 ad
792 1839 857 1895 vor
869 1813 988 1892 noller
1002 1742 1176 1900 genotas,
1189 1814 1359 1910 cupitque
1373 1833 1414 1926 nt
1427 1815 1568 1912 negotia
1577 1817 1700 1893 vestm
1713 1819 1863 1898 provin.

660 1918 729 1994 ciae
739 1937 819 1991 cum
836 1911 939 1988 Duce
949 1907 1101 1988 Clivensr
1121 1909 1362 2006 contoversa,
1375 1905 1477 1986 isthic
1490 1913 1730 2004 excutiantur,
1742 1937 1808 1994 nec
1821 1940 1864 1994 ea

658 2015 699 2090 in
721 2033 785 2088 nos
809 2005 1004 2088 exoneretis
1021 2057 1033 2096 ,
1052 2029 1134 2082 cnm
1157 2007 1217 2084 hic
1240 2005 1464 2083 multitudine
1478 2010 1625 2086 aliorum
1643 2016 1864 2109 negotiorum
2032 2069 2034 2072 ,

661 2107 863 2186 obruamur.
889 2103 938 2180 Et
954 2105 1115 2190 iniiam
1129 2123 1165 2182 re
1179 2123 1383 2183 amanterac
1398 2099 1614 2184 familiariter
1640 2106 1864 2193 admoneam,

662 2224 760 2287 tuam
775 2201 882 2279 nostri
897 2201 1113 2299 diligentiam
1126 2203 1327 2296 manunt,
1366 2222 1448 2274 uam
1460 2199 1670 2281 inlimilibur
1682 2206 1866 2281 Samaria

664 2297 889 2401 praest'areell
901 2295 1032 2376 solitus.
1052 2295 1332 2466 Etfloanqoam'
1365 2295 1866 2389 hicManboarnomhabetir.

666 2415 819 2474 attamen
832 2398 870 2470 in
885 2397 926 2468 iis
945 2416 1025 2491 quae
1040 2394 1084 2466 ad
1132 2394 1351 2490 rincipmrtl
1369 2397 1564 2470 communia
1580 2391 1776 2474 Provincia
1788 2403 1867 2497 jora
1965 2389 1984 2410 ‘

666 2491 841 2596 spellam,
860 2487 1042 2566 confilium
1058 2512 1100 2565 ac
1113 2487 1292 2565 instructio
1312 2512 1333 2564 a
1348 2490 1452 2565 vobit
1467 2489 1640 2587 proficisci
1658 2492 1784 2583 deber,
1802 2517 1867 2572 nec

598 2645 601 2650 .
669 2589 715 2662 ad
731 2585 874 2664 Curiam
899 2607 941 2660 ea
963 2585 1060 2680 rejici
1083 2581 1233 2676 debent,
1257 2582 1318 2659 nisr
1334 2585 1517 2684 postquam
1536 2610 1577 2664 ta
1600 2611 1620 2664 a
1641 2589 1745 2666 vobia
1760 2590 1867 2690 plene

668 2679 814 2760 disculla
837 2703 878 2756 at
903 2675 1212 2763 ariminensom,
1234 2700 1275 2756 ut
1293 2701 1369 2756 turn
1387 2683 1528 2760 demum
1551 2682 1698 2782 Reginae
1717 2689 1870 2765 authori·

668 2799 741 2855 tate
759 2777 1021 2855 confirmentur.
1070 2773 1184 2862 Vale,
1208 2773 1248 2854 ἃ
1273 2779 1417 2876 coniugi
1434 2778 1672 2862 honestissima
1685 2783 1869 2861 'multama

670 2899 729 2951 me
746 2873 903 2957 salutem.
952 2870 1012 2948 Ex
1031 2869 1196 2950 Bruxella
1222 2895 1277 2968 14.
1302 2873 1437 2973 Aprilis
1454 2895 1546 2952 anno
1573 2897 1677 2972 1552.

873 3037 1382 3166 armona
1464 3045 1670 3146 xnv.

582 3249 614 3290 ⁰·
698 3232 1102 3332 HIPPOLITO
1148 3234 1491 3330 PERSYNO
1536 3237 1843 3336 PRAESIDI
1886 3303 1892 3312 -

489 3329 540 3370 ¹¹²⁰
602 3347 612 3366 '
876 3347 1715 3464 SENATUSFRISIAE(1>.·
1911 3361 1930 3410 l

678 3540 753 3640 De
778 3545 1081 3661 praeparatoriis
1097 3558 1142 3626 ar
1159 3537 1296 3650 Fristae
1335 3562 1586 3633 occurratur.
1642 3539 1715 3632 De
1738 3541 1875 3635 Gallis

734 3687 761 3748 e
793 3655 1017 3746 Germania
1041 3662 1227 3742 retractis.
1335 3653 1582 3745 elstaritir'
1611 3653 1781 3747 Saxonis
1807 3687 1874 3750 ex·
1996 3685 1998 3692 ’

732 3772 933 3892 peditione
951 3763 1145 3879 adversas
1174 3765 1390 3882 Casarera,
1417 3796 1465 3859 ac
1492 3771 1543 3858 de
1570 3781 1741 3861 tradam
1760 3779 1875 3890 pacis

737 3885 852 4004 apud
869 3881 1105 3998 Paffaoiam
1122 3875 1306 3992 irfiirato.

681 4075 878 4248 Litteras
895 4095 979 4168 quar
999 4097 1062 4176 per
1087 4073 1181 4150 hunc
1208 4073 1425 4152 tabellarium
1448 4073 1493 4150 ad
1522 4070 1697 4175 Reginam
1713 4075 1874 4167 dedistir,

775 4173 973 4270 accepimur
990 4171 1185 4259 Bruxellae,
1205 4170 1277 4268 jam
1298 4170 1341 4248 ad
1360 4171 1427 4248 iter
1442 4173 1601 4251 acciolii
1621 4169 1745 4274 ltaque
1761 4175 1878 4350 mercedi&

680 4383 1463 4560 <anisa
1482 4387 1885 4632 aa,
