4680 5828
619 679 681 772 40
720 639 966 753 urotn
994 664 1060 738 AB
1091 589 1357 742 111111
1384 633 1763 744 zurcnamt

484 865 494 876 ·
575 889 583 910 .
626 832 738 908 beas?
763 826 841 902 Scis
861 827 899 900 in
915 822 1107 924 patricidio
1139 845 1212 900 non
1230 841 1366 902 tautum
1387 827 1568 902 authorem
1598 826 1740 924 puniri,
1764 822 1829 902 sed

632 921 919 1002 &consultorem
937 918 977 994 ἃ
996 918 1186 997 conscium.
1234 922 1292 996 An
1306 926 1424 1018 itaque
1442 924 1528 997 illud
1553 924 1628 1012 vis,
1653 944 1693 998 at
1719 946 1775 996 me
1794 925 1835 994 in

634 1021 790 1098 criminis
805 1019 896 1092 tanti
909 1019 1133 1106 societatem,
1158 1013 1185 1089 ii
1208 1037 1325 1093 tamen
1345 1020 1418 1094 ulla
1441 1020 1478 1094 in
1507 1043 1545 1092 re
1568 1021 1664 1117 turpi
1687 1017 1835 1094 societas

636 1116 704 1194 elie
721 1116 858 1216 potest,
879 1115 1086 1213 pertrahas?
1112 1112 1182 1187 Sed
1202 1115 1331 1190 redibis
1355 1117 1392 1190 in
1407 1117 1556 1210 patriam
1584 1140 1665 1190 cum
1681 1115 1752 1190 illa.
1778 1111 1834 1187 O!

637 1241 678 1292 os
694 1213 897 1310 impudens,
923 1232 1003 1286 tune
1024 1208 1087 1284 sub
1110 1211 1234 1306 patriae
1255 1212 1388 1299 oculis,
1412 1216 1450 1286 in
1470 1209 1659 1310 conspesiu
1690 1213 1837 1310 propin·

632 1332 812 1410 quorum,
837 1311 876 1383 in
896 1309 1061 1382 maternis
1075 1307 1245 1396 Laribus,
1271 1329 1369 1384 tanta
1382 1307 1563 1406 insignitus
1589 1329 1693 1394 nota,
1718 1332 1762 1381 ne
1786 1306 1838 1380 di·

641 1432 719 1482 cam
736 1403 876 1480 infatnia
895 1404 1070 1494 libidinis,
1095 1405 1273 1492 stultitiae,
1290 1407 1498 1503 impietatis,
1524 1405 1669 1483 audebis
1693 1427 1838 1501 appare·

637 1507 706 1580 rei
732 1501 782 1576 Et
795 1522 904 1576 mater
920 1499 1050 1576 scilicet
1069 1501 1142 1596 jam
1156 1503 1318 1598 expediat
1334 1523 1458 1576 nutum
1484 1504 1711 1600 peregrinam.
1761 1499 1837 1574 Scis

644 1601 833 1676 Comicum
857 1597 1111 1695 proverbium,
1142 1619 1214 1673 uno
1243 1597 1359 1670 animo
1392 1621 1512 1674 omnes
1538 1599 1659 1674 socrus
1687 1596 1840 1673 oderunt

644 1719 773 1782 nurus,
799 1696 836 1770 δι
862 1717 903 1766 tu
931 1695 1019 1768 tales
1045 1694 1182 1766 delitias
1205 1695 1249 1767 ad
1274 1715 1446 1769 maternas
1474 1695 1568 1771 aedes
1593 1696 1754 1768 deduces.
1780 1691 1838 1765 O!

641 1813 810 1889 quantam
840 1791 994 1863 rixarum
1025 1789 1351 1886 inimicitiarumque
1389 1794 1495 1866 telam
1530 1791 1644 1875 texis,
1669 1808 1841 1886 quantum

646 1889 950 1962 incommodorum
966 1887 1113 1982 pelagus
1130 1885 1332 1983 ingrederis.
1379 1886 1420 1960 Si
1446 1884 1587 1960 fortuna
1603 1885 1685 1959 esset
1701 1885 1840 1972 tentus,

643 1983 817 2082 posscsex
830 1982 1012 2080 AEthiopia
1028 2003 1175 2056 uxorem
1191 1984 1337 2068 ducere,
1362 2003 1399 2058 at
1425 1981 1505 2058 cium
1527 2001 1712 2082 parentum
1737 2003 1841 2057 omne

648 2083 692 2156 fit
713 2080 886 2166 studium,
910 2098 950 2151 ut
974 2079 1129 2176 amplum
1148 2080 1396 2178 patrimonium
1419 2080 1539 2156 liberis
1553 2081 1778 2176 relinquant,
1804 2077 1842 2150 dc

645 2201 711 2255 tua
728 2197 841 2252 mater
854 2177 890 2248 in
901 2174 1081 2250 lautiffima
1099 2199 1137 2248 re
1153 2173 1214 2251 stc:
1238 2201 1283 2250 an
1302 2199 1373 2250 non
1390 2178 1514 2250 merito
1534 2178 1754 2274 indignetur,
1774 2177 1843 2249 im·

553 2293 554 2298 ’
647 2278 768 2374 pium,
786 2274 1036 2368 ingratumque
1064 2270 1175 2345 filium
1201 2271 1234 2344 se
1256 2271 1453 2368 peperisse-i
1486 2271 1608 2349 Habes
1631 2274 1844 2348 avunculum

643 2366 811 2469 ,apprime
825 2369 969 2443 divitem
981 2419 993 2455 ,
1019 2367 1239 2468 eundemque
1257 2366 1328 2442 fine
1345 2369 1412 2444 suis
1430 2371 1649 2454 haeredibus,
1675 2375 1773 2466 cujus
1798 2371 1843 2444 ab

652 2465 816 2542 intestato
831 2467 910 2562 lege
917 2465 967 2538 ad
980 2485 1014 2538 te
1024 2467 1147 2540 venia
1156 2463 1317 2538 succeffio
1325 2515 1337 2554 ‚
1364 2464 1519 2539 credisne
1537 2469 1700 2539 illituum
1715 2462 1844 2542 sudium

644 2566 880 2663 placiturum,
915 2559 1069 2636 credisne
1086 2561 1192 2634 illum
1217 2561 1456 2634 testamentum
1484 2560 1715 2658 scripturum,
1741 2582 1846 2655 atquc

650 2663 698 2736 ad
717 2657 857 2754 quosvis
876 2658 1116 2754 potiusquam
1140 2659 1183 2730 ad
1202 2655 1294 2728 maid
1310 2656 1523 2751 morigerum
1550 2676 1714 2752 nepotem
1738 2659 1848 2756 patri·

649 2759 810 2832 monium
830 2751 1118 2828 oansmiffurumt
1145 2750 1285 2824 Omitto
1307 2749 1370 2826 ista
1393 2775 1470 2847 quae
1494 2756 1640 2850 longum
1668 2753 1775 2828 fuerit
1792 2775 1848 2828 re·

632 2851 816 2939 ‘censere,
838 2851 878 2926 &
895 2874 975 2945 quae
992 2873 1059 2946 ego
1081 2871 1152 2922 non
1175 2846 1256 2922 satis
1281 2847 1353 2946 ipse
1380 2850 1548 2946 intelligo.
1598 2849 1686 2925 Hoc
1712 2869 1848 2926 tantum

655 2971 768 3046 rogo,
792 2968 832 3022 ut
848 2945 922 3042 ipse
939 2949 983 3021 ad
1004 2968 1045 3021 te
1069 2947 1205 3031 redeas,
1230 2947 1470 3042 canonemque
1492 2947 1670 3044 propriam
1701 2949 1739 3020 in
1764 2969 1849 3023 con-

656 3045 769 3121 silium
784 3045 973 3130 adhibeas,
998 3045 1035 3118 δι
1049 3040 1200 3140 seposito
1221 3039 1398 3139 paulisper
1412 3045 1475 3117 isto
1502 3044 1699 3140 praecipiti,
1724 3067 1768 3116 ne
1795 3043 1849 3114 di·

651 3166 732 3219 cam
761 3141 902 3225 insano,
934 3142 1062 3214 amoris
1092 3136 1240 3225 affediu,
1264 3140 1349 3212 vide
1373 3141 1457 3232 quid
1478 3162 1584 3234 agas,
1608 3159 1846 3234 quantamque

656 3238 859 3334 tragoediam
877 3236 942 3310 tibi
961 3257 1149 3332 praepares.
1199 3235 1368 3329 Sapientis
1381 3235 1430 3309 est
1445 3258 1515 3309 non
1532 3238 1637 3309 modo
1649 3237 1847 3332 quodprae·

657 3334 731 3409 sens
748 3332 796 3407 eli
811 3332 979 3428 aspicere,
1006 3330 1063 3406 sed
1077 3330 1263 3405 meminisse
1278 3333 1351 3426 qud
1370 3352 1426 3404 tua
1439 3334 1537 3427 prius
1553 3330 1695 3406 consilia
1708 3332 1847 3428 semper

643 3431 864 3522 tendebant,
890 3432 926 3503 δι
949 3431 1041 3522 quod
1068 3427 1223 3502 futurum
1252 3425 1302 3498 est
1323 3427 1402 3522 post
1424 3425 1592 3519 mensem,
1616 3425 1696 3524 post
1720 3451 1847 3503 annum

654 3528 825 3608 1111111,
846 3525 965 3596 ’1111111
988 3522 1125 3598 satietas
1153 3525 1278 3597 amoris
1299 3525 1464 3618 coepcrit,
1488 3524 1552 3599 ubi
1576 3529 1697 3600 oeulos
1721 3526 1847 3599 mentis

653 3647 747 3718 quos
765 3622 851 3694 mihi
865 3615 1005 3694 amisisse
1016 3622 1123 3693 modd
1141 3619 1294 3706 videris,
1314 3621 1548 3716 recuperabis.
1596 3619 1767 3696 Concedo
1781 3622 1849 3696 tibi

658 3741 821 3814 magnum
838 3718 1015 3812 ingenium
1029 3715 1121 3800 elle,
1146 3714 1254 3788 sedtu
1272 3713 1355 3810 vide
1374 3713 1438 3804 hs,
1464 3741 1507 3790 an
1522 3736 1557 3792 ce
1573 3741 1644 3794 non
1663 3719 1847 3816 poenitebit

658 3837 800 3896 eorum,
824 3835 903 3908 quae
929 3813 1254 3906 brevisvoluptatis
1282 3810 1381 3890 causa
1405 3815 1513 3889 modo
1537 3812 1651 3892 facere
1666 3812 1850 3910 concupis·

655 3913 721 3984 cis.
774 3907 865 3982 Vide
889 3928 1023 3998 autem,
1050 3931 1180 3981 annon
1198 3923 1232 3980 te
1249 3909 1399 3982 levitatis
1414 3913 1541 3984 merito
1561 3911 1728 3987 accusem.
1754 3911 1851 3986 Haec

661 4009 798 4078 enimne
824 4006 872 4080 est
898 4003 1005 4085 fides,
1031 4027 1135 4097 qoam
1151 4000 1335 4077 mihioiirn
1359 4005 1501 4086 dedisti,
1527 4004 1607 4079 cirm
1636 4006 1755 4082 iisdem
1781 4005 1851 4080 stu·

654 4103 725 4175 diis
749 4117 869 4172 mutua
894 4101 1111 4174 emulatione
1128 4098 1438 4174 incumbebamus?
1463 4099 1632 4176 Nondum
1647 4101 1850 4198 vigesimum

660 4199 821 4292 quintum
836 4195 1019 4290 complesti
1036 4218 1186 4281 annum,
1211 4193 1248 4268 dt
1264 4215 1335 4268 tam
1360 4198 1432 4270 cito
1459 4219 1479 4268 a
1503 4196 1612 4272 Musis
1637 4200 1680 4271 ad
1706 4219 1856 4271 uxorem

688 4296 755 4365 rori
785 4291 839 4364 is?
864 4291 1046 4364 Memento
1067 4313 1145 4386 quae
1160 4311 1228 4363 una
1244 4292 1398 4387 colloqui
1421 4288 1588 4378 solemus,
1611 4295 1705 4366 velle
1731 4313 1796 4366 nos
1815 4296 1851 4366 in

658 4317 730 4461 Boc
802 4387 938 4468 diorum
956 4385 1057 4460 cursu
1074 4387 1117 4460 ad
1136 4383 1344 4480 trigesimum
1369 4409 1498 4461 annum
1516 4387 1735 4474 incumbere,
1759 4391 1852 4463 velle

652 4505 723 4558 nos
745 4479 872 4580 insigni
887 4486 1004 4578 aliquo
1027 4505 1135 4580 opere
1163 4483 1307 4580 gloriam
1333 4483 1435 4560 nobis
1455 4481 1701 4578 constabilire,
1724 4484 1852 4560 deinde

1763 4603 1852 4658 vcro
