<?xml version="1.0" encoding="UTF-8"?>
<!DOCTYPE html PUBLIC "-//W3C//DTD XHTML 1.0 Transitional//EN"
    "http://www.w3.org/TR/xhtml1/DTD/xhtml1-transitional.dtd">
<html xmlns="http://www.w3.org/1999/xhtml" xml:lang="en" lang="en">
 <head>
  <title>
</title>
<meta http-equiv="Content-Type" content="text/html;charset=utf-8" />
  <meta name='ocr-system' content='tesseract 3.04.00' />
  <meta name='ocr-capabilities' content='ocr_page ocr_carea ocr_par ocr_line ocrx_word'/>
</head>
<body>
  <div class='ocr_page' id='page_1' title='image "./vitavigliiabayt00ayttgoog_0114.png"; bbox 0 0 4680 5828; ppageno 0'>
   <div class='ocr_carea' id='block_1_1' title="bbox 580 551 1699 704">
    <p class='ocr_par' dir='ltr' id='par_1_1' title="bbox 580 551 1699 704">
     <span class='ocr_line' id='line_1_1' title="bbox 580 551 1699 704; baseline -0.004 -31"><span class='ocrx_word' id='word_1_1' title='bbox 580 571 774 696; x_wconf 71' lang='lat' dir='ltr'>nustt</span> <span class='ocrx_word' id='word_1_2' title='bbox 804 564 1118 668; x_wconf 77' lang='lat' dir='ltr'>sntnoma</span> <span class='ocrx_word' id='word_1_3' title='bbox 1136 551 1211 662; x_wconf 73' lang='lat' dir='ltr'>&#39;an</span> <span class='ocrx_word' id='word_1_4' title='bbox 1239 567 1571 675; x_wconf 71' lang='lat' dir='ltr'>obtensos</span> <span class='ocrx_word' id='word_1_5' title='bbox 1627 607 1699 704; x_wconf 62' lang='lat'>39·</span> 
     </span>
    </p>
   </div>
   <div class='ocr_carea' id='block_1_2' title="bbox 406 745 1865 4006">
    <p class='ocr_par' dir='ltr' id='par_1_2' title="bbox 406 745 1865 4006">
     <span class='ocr_line' id='line_1_2' title="bbox 487 745 1691 849; baseline 0.002 -19"><span class='ocrx_word' id='word_1_6' title='bbox 487 749 568 830; x_wconf 75' lang='lat' dir='ltr'>edm</span> <span class='ocrx_word' id='word_1_7' title='bbox 591 753 634 828; x_wconf 88' lang='lat' dir='ltr'>ab</span> <span class='ocrx_word' id='word_1_8' title='bbox 661 750 857 830; x_wconf 78' lang='lat' dir='ltr'>dosiissrmis</span> <span class='ocrx_word' id='word_1_9' title='bbox 884 767 965 824; x_wconf 87' lang='lat' dir='ltr'>ante</span> <span class='ocrx_word' id='word_1_10' title='bbox 989 771 1044 824; x_wconf 87' lang='lat' dir='ltr'>me</span> <span class='ocrx_word' id='word_1_11' title='bbox 1067 747 1155 822; x_wconf 91' lang='lat' dir='ltr'>viris</span> <span class='ocrx_word' id='word_1_12' title='bbox 1178 745 1220 821; x_wconf 87' lang='lat' dir='ltr'>srt</span> <span class='ocrx_word' id='word_1_13' title='bbox 1244 747 1457 844; x_wconf 82' lang='lat' dir='ltr'>praestitum,</span> <span class='ocrx_word' id='word_1_14' title='bbox 1482 756 1597 830; x_wconf 82' lang='lat' dir='ltr'>auum</span> <span class='ocrx_word' id='word_1_15' title='bbox 1617 754 1691 849; x_wconf 82' lang='lat' dir='ltr'>(nt</span> 
     </span>
     <span class='ocr_line' id='line_1_3' title="bbox 485 845 1694 946; baseline -0.004 -22"><span class='ocrx_word' id='word_1_16' title='bbox 485 851 591 926; x_wconf 87' lang='lat' dir='ltr'>nollri</span> <span class='ocrx_word' id='word_1_17' title='bbox 606 849 760 944; x_wconf 80' lang='lat' dir='ltr'>dieunt)</span> <span class='ocrx_word' id='word_1_18' title='bbox 780 869 850 920; x_wconf 91' lang='lat' dir='ltr'>non</span> <span class='ocrx_word' id='word_1_19' title='bbox 868 869 990 943; x_wconf 84' lang='lat' dir='ltr'>egam,</span> <span class='ocrx_word' id='word_1_20' title='bbox 1014 845 1102 916; x_wconf 90' lang='lat' dir='ltr'>illud</span> <span class='ocrx_word' id='word_1_21' title='bbox 1127 865 1283 933; x_wconf 87' lang='lat' dir='ltr'>tantum,</span> <span class='ocrx_word' id='word_1_22' title='bbox 1317 849 1412 940; x_wconf 90' lang='lat' dir='ltr'>quod</span> <span class='ocrx_word' id='word_1_23' title='bbox 1441 849 1513 946; x_wconf 87' lang='lat' dir='ltr'>ipse</span> <span class='ocrx_word' id='word_1_24' title='bbox 1545 850 1694 940; x_wconf 71' lang='lat' dir='ltr'>sentio,</span> 
     </span>
     <span class='ocr_line' id='line_1_4' title="bbox 509 938 1682 1044; baseline 0.003 -26"><span class='ocrx_word' id='word_1_25' title='bbox 509 949 649 1044; x_wconf 87' lang='lat' dir='ltr'>uodqne</span> <span class='ocrx_word' id='word_1_26' title='bbox 671 968 748 1020; x_wconf 88' lang='lat' dir='ltr'>mea</span> <span class='ocrx_word' id='word_1_27' title='bbox 762 942 886 1042; x_wconf 90' lang='lat' dir='ltr'>sponte</span> <span class='ocrx_word' id='word_1_28' title='bbox 902 964 997 1016; x_wconf 88' lang='lat' dir='ltr'>eram</span> <span class='ocrx_word' id='word_1_29' title='bbox 1022 938 1235 1038; x_wconf 86' lang='lat' dir='ltr'>scripturus,</span> <span class='ocrx_word' id='word_1_30' title='bbox 1260 943 1412 1017; x_wconf 86' lang='lat' dir='ltr'>breviter</span> <span class='ocrx_word' id='word_1_31' title='bbox 1435 947 1682 1042; x_wconf 89' lang='lat' dir='ltr'>perstringam.</span> 
     </span>
     <span class='ocr_line' id='line_1_5' title="bbox 506 1039 1680 1140; baseline 0.003 -25"><span class='ocrx_word' id='word_1_32' title='bbox 506 1064 507 1068; x_wconf 68' lang='grc'>’</span> <span class='ocrx_word' id='word_1_33' title='bbox 521 1067 569 1116; x_wconf 91' lang='lat' dir='ltr'>on</span> <span class='ocrx_word' id='word_1_34' title='bbox 585 1039 801 1119; x_wconf 85' lang='lat' dir='ltr'>dehortabor</span> <span class='ocrx_word' id='word_1_35' title='bbox 817 1061 853 1114; x_wconf 90' lang='lat' dir='ltr'>te</span> <span class='ocrx_word' id='word_1_36' title='bbox 877 1040 996 1134; x_wconf 86' lang='lat' dir='ltr'>itaque</span> <span class='ocrx_word' id='word_1_37' title='bbox 1011 1039 1155 1110; x_wconf 88' lang='lat' dir='ltr'>omnino</span> <span class='ocrx_word' id='word_1_38' title='bbox 1170 1039 1213 1110; x_wconf 88' lang='lat' dir='ltr'>ab</span> <span class='ocrx_word' id='word_1_39' title='bbox 1229 1041 1440 1113; x_wconf 82' lang='lat' dir='ltr'>matrimonii</span> <span class='ocrx_word' id='word_1_40' title='bbox 1462 1039 1541 1138; x_wconf 88' lang='lat' dir='ltr'>spe,</span> <span class='ocrx_word' id='word_1_41' title='bbox 1565 1067 1680 1140; x_wconf 89' lang='lat' dir='ltr'>neque</span> 
     </span>
     <span class='ocr_line' id='line_1_6' title="bbox 480 1132 1679 1234; baseline 0 -20"><span class='ocrx_word' id='word_1_42' title='bbox 480 1142 584 1214; x_wconf 85' lang='lat' dir='ltr'>etiarn</span> <span class='ocrx_word' id='word_1_43' title='bbox 602 1139 834 1214; x_wconf 79' lang='lat' dir='ltr'>adhortabor:</span> <span class='ocrx_word' id='word_1_44' title='bbox 859 1132 919 1211; x_wconf 91' lang='lat' dir='ltr'>sed</span> <span class='ocrx_word' id='word_1_45' title='bbox 936 1133 1136 1234; x_wconf 83' lang='lat' dir='ltr'>priusquam</span> <span class='ocrx_word' id='word_1_46' title='bbox 1157 1135 1344 1231; x_wconf 85' lang='lat' dir='ltr'>quicquam</span> <span class='ocrx_word' id='word_1_47' title='bbox 1360 1137 1398 1208; x_wconf 91' lang='lat' dir='ltr'>in</span> <span class='ocrx_word' id='word_1_48' title='bbox 1423 1161 1460 1210; x_wconf 91' lang='lat' dir='ltr'>re</span> <span class='ocrx_word' id='word_1_49' title='bbox 1477 1157 1546 1212; x_wconf 82' lang='lat' dir='ltr'>tarn</span> <span class='ocrx_word' id='word_1_50' title='bbox 1572 1143 1679 1214; x_wconf 87' lang='lat' dir='ltr'>ardua</span> 
     </span>
     <span class='ocr_line' id='line_1_7' title="bbox 477 1229 1677 1334; baseline -0.001 -24"><span class='ocrx_word' id='word_1_51' title='bbox 477 1236 637 1334; x_wconf 86' lang='lat' dir='ltr'>tantique</span> <span class='ocrx_word' id='word_1_52' title='bbox 651 1235 821 1310; x_wconf 85' lang='lat' dir='ltr'>momenti</span> <span class='ocrx_word' id='word_1_53' title='bbox 832 1232 904 1306; x_wconf 89' lang='lat' dir='ltr'>illic</span> <span class='ocrx_word' id='word_1_54' title='bbox 920 1231 1063 1317; x_wconf 86' lang='lat' dir='ltr'>statuas,</span> <span class='ocrx_word' id='word_1_55' title='bbox 1090 1229 1194 1304; x_wconf 87' lang='lat' dir='ltr'>etiam</span> <span class='ocrx_word' id='word_1_56' title='bbox 1212 1251 1316 1328; x_wconf 88' lang='lat' dir='ltr'>atque</span> <span class='ocrx_word' id='word_1_57' title='bbox 1340 1235 1444 1308; x_wconf 86' lang='lat' dir='ltr'>etiam</span> <span class='ocrx_word' id='word_1_58' title='bbox 1467 1237 1573 1308; x_wconf 90' lang='lat' dir='ltr'>velirn</span> <span class='ocrx_word' id='word_1_59' title='bbox 1598 1260 1677 1333; x_wconf 89' lang='lat' dir='ltr'>per·</span> 
     </span>
     <span class='ocr_line' id='line_1_8' title="bbox 479 1325 1687 1428; baseline -0.003 -20"><span class='ocrx_word' id='word_1_60' title='bbox 479 1335 636 1428; x_wconf 80' lang='lat' dir='ltr'>pendas,</span> <span class='ocrx_word' id='word_1_61' title='bbox 686 1353 768 1407; x_wconf 87' lang='lat' dir='ltr'>uam</span> <span class='ocrx_word' id='word_1_62' title='bbox 792 1331 837 1406; x_wconf 88' lang='lat' dir='ltr'>de</span> <span class='ocrx_word' id='word_1_63' title='bbox 855 1329 1026 1428; x_wconf 83' lang='lat' dir='ltr'>tepatriae</span> <span class='ocrx_word' id='word_1_64' title='bbox 1047 1325 1323 1424; x_wconf 68' lang='lat' dir='ltr'>expediationem</span> <span class='ocrx_word' id='word_1_65' title='bbox 1341 1329 1584 1416; x_wconf 57' lang='lat' dir='ltr'>excitaveris„</span> <span class='ocrx_word' id='word_1_66' title='bbox 1597 1353 1687 1428; x_wconf 78' lang='lat' dir='ltr'>quas·</span> 
     </span>
     <span class='ocr_line' id='line_1_9' title="bbox 481 1356 1677 1526; baseline -0.003 -22"><span class='ocrx_word' id='word_1_67' title='bbox 481 1452 552 1526; x_wconf 85' lang='lat' dir='ltr'>quo</span> <span class='ocrx_word' id='word_1_68' title='bbox 573 1426 623 1501; x_wconf 85' lang='lat' dir='ltr'>eli</span> <span class='ocrx_word' id='word_1_69' title='bbox 642 1356 833 1516; x_wconf 66' lang='lat' dir='ltr'>dustein,</span> <span class='ocrx_word' id='word_1_70' title='bbox 857 1448 927 1510; x_wconf 83' lang='lat' dir='ltr'>eo,</span> <span class='ocrx_word' id='word_1_71' title='bbox 950 1422 974 1496; x_wconf 88' lang='lat' dir='ltr'>si</span> <span class='ocrx_word' id='word_1_72' title='bbox 996 1423 1082 1522; x_wconf 92' lang='lat' dir='ltr'>quid</span> <span class='ocrx_word' id='word_1_73' title='bbox 1106 1446 1127 1495; x_wconf 87' lang='lat' dir='ltr'>a</span> <span class='ocrx_word' id='word_1_74' title='bbox 1151 1446 1185 1496; x_wconf 88' lang='lat' dir='ltr'>te</span> <span class='ocrx_word' id='word_1_75' title='bbox 1204 1447 1357 1498; x_wconf 83' lang='lat' dir='ltr'>erratum</span> <span class='ocrx_word' id='word_1_76' title='bbox 1373 1423 1498 1516; x_wconf 86' lang='lat' dir='ltr'>suerit,</span> <span class='ocrx_word' id='word_1_77' title='bbox 1523 1431 1677 1525; x_wconf 89' lang='lat' dir='ltr'>graviori</span> 
     </span>
     <span class='ocr_line' id='line_1_10' title="bbox 480 1519 1677 1622; baseline 0 -23"><span class='ocrx_word' id='word_1_78' title='bbox 480 1545 516 1599; x_wconf 88' lang='lat' dir='ltr'>te</span> <span class='ocrx_word' id='word_1_79' title='bbox 529 1523 682 1602; x_wconf 87' lang='lat' dir='ltr'>infamiae</span> <span class='ocrx_word' id='word_1_80' title='bbox 695 1523 888 1622; x_wconf 81' lang='lat' dir='ltr'>subjiceret</span> <span class='ocrx_word' id='word_1_81' title='bbox 913 1520 1048 1616; x_wconf 83' lang='lat' dir='ltr'>Quaeru</span> <span class='ocrx_word' id='word_1_82' title='bbox 1067 1542 1181 1595; x_wconf 85' lang='lat' dir='ltr'>autent</span> <span class='ocrx_word' id='word_1_83' title='bbox 1198 1521 1306 1596; x_wconf 87' lang='lat' dir='ltr'>modd</span> <span class='ocrx_word' id='word_1_84' title='bbox 1322 1523 1408 1615; x_wconf 90' lang='lat' dir='ltr'>quid</span> <span class='ocrx_word' id='word_1_85' title='bbox 1422 1519 1565 1607; x_wconf 84' lang='lat' dir='ltr'>sentiet,</span> <span class='ocrx_word' id='word_1_86' title='bbox 1591 1527 1677 1622; x_wconf 91' lang='lat' dir='ltr'>quid</span> 
     </span>
     <span class='ocr_line' id='line_1_11' title="bbox 478 1617 1675 1720; baseline -0.002 -22"><span class='ocrx_word' id='word_1_87' title='bbox 478 1618 958 1720; x_wconf 75' lang='lat' dir='ltr'>bqueeur,stinte11exerit,</span> <span class='ocrx_word' id='word_1_88' title='bbox 985 1617 1153 1706; x_wconf 82' lang='lat' dir='ltr'>Carnium,</span> <span class='ocrx_word' id='word_1_89' title='bbox 1179 1620 1240 1714; x_wconf 90' lang='lat' dir='ltr'>qui</span> <span class='ocrx_word' id='word_1_90' title='bbox 1272 1639 1383 1713; x_wconf 89' lang='lat' dir='ltr'>nuper</span> <span class='ocrx_word' id='word_1_91' title='bbox 1406 1620 1441 1692; x_wconf 93' lang='lat' dir='ltr'>in</span> <span class='ocrx_word' id='word_1_92' title='bbox 1469 1619 1588 1694; x_wconf 88' lang='lat' dir='ltr'>Gallia</span> <span class='ocrx_word' id='word_1_93' title='bbox 1604 1642 1675 1696; x_wconf 86' lang='lat' dir='ltr'>tarn</span> 
     </span>
     <span class='ocr_line' id='line_1_12' title="bbox 477 1713 1674 1817; baseline 0.001 -26"><span class='ocrx_word' id='word_1_94' title='bbox 477 1721 652 1817; x_wconf 83' lang='lat' dir='ltr'>praeclarae</span> <span class='ocrx_word' id='word_1_95' title='bbox 675 1715 777 1792; x_wconf 82' lang='lat' dir='ltr'>samae</span> <span class='ocrx_word' id='word_1_96' title='bbox 798 1714 1025 1794; x_wconf 81' lang='lat' dir='ltr'>fundamenta</span> <span class='ocrx_word' id='word_1_97' title='bbox 1057 1714 1198 1810; x_wconf 85' lang='lat' dir='ltr'>jecerit,</span> <span class='ocrx_word' id='word_1_98' title='bbox 1221 1713 1283 1808; x_wconf 84' lang='lat' dir='ltr'>qui</span> <span class='ocrx_word' id='word_1_99' title='bbox 1308 1714 1513 1788; x_wconf 87' lang='lat' dir='ltr'>eruditionis</span> <span class='ocrx_word' id='word_1_100' title='bbox 1542 1717 1674 1792; x_wconf 77' lang='lat' dir='ltr'>excelsa</span> 
     </span>
     <span class='ocr_line' id='line_1_13' title="bbox 478 1807 1687 1916; baseline -0.005 -24"><span class='ocrx_word' id='word_1_101' title='bbox 478 1817 588 1916; x_wconf 85' lang='lat' dir='ltr'>gloria</span> <span class='ocrx_word' id='word_1_102' title='bbox 614 1835 821 1892; x_wconf 81' lang='lat' dir='ltr'>caeterorum</span> <span class='ocrx_word' id='word_1_103' title='bbox 846 1813 1002 1890; x_wconf 88' lang='lat' dir='ltr'>omnium</span> <span class='ocrx_word' id='word_1_104' title='bbox 1031 1811 1161 1883; x_wconf 88' lang='lat' dir='ltr'>lumina</span> <span class='ocrx_word' id='word_1_105' title='bbox 1189 1807 1373 1884; x_wconf 85' lang='lat' dir='ltr'>videbatur</span> <span class='ocrx_word' id='word_1_106' title='bbox 1405 1809 1687 1902; x_wconf 90' lang='lat' dir='ltr'>obscuraturus,.</span> 
     </span>
     <span class='ocr_line' id='line_1_14' title="bbox 477 1903 1672 2010; baseline -0.003 -22"><span class='ocrx_word' id='word_1_107' title='bbox 477 1915 536 1988; x_wconf 86' lang='lat' dir='ltr'>cui</span> <span class='ocrx_word' id='word_1_108' title='bbox 549 1911 708 2010; x_wconf 79' lang='lat' dir='ltr'>ipsajanr</span> <span class='ocrx_word' id='word_1_109' title='bbox 721 1913 828 1984; x_wconf 82' lang='lat' dir='ltr'>tacita</span> <span class='ocrx_word' id='word_1_110' title='bbox 840 1909 954 1990; x_wconf 88' lang='lat' dir='ltr'>secum</span> <span class='ocrx_word' id='word_1_111' title='bbox 1000 1907 1173 1980; x_wconf 80' lang='lat' dir='ltr'>timerium</span> <span class='ocrx_word' id='word_1_112' title='bbox 1191 1903 1369 2004; x_wconf 74' lang='lat' dir='ltr'>dignitatis</span> <span class='ocrx_word' id='word_1_113' title='bbox 1382 1908 1501 1985; x_wconf 83' lang='lat' dir='ltr'>locutu</span> <span class='ocrx_word' id='word_1_114' title='bbox 1520 1907 1672 2006; x_wconf 78' lang='lat' dir='ltr'>designa-</span> 
     </span>
     <span class='ocr_line' id='line_1_15' title="bbox 477 2003 1676 2104; baseline -0.004 -21"><span class='ocrx_word' id='word_1_115' title='bbox 477 2009 564 2099; x_wconf 86' lang='lat' dir='ltr'>bat,</span> <span class='ocrx_word' id='word_1_116' title='bbox 588 2010 680 2080; x_wconf 86' lang='lat' dir='ltr'>inter</span> <span class='ocrx_word' id='word_1_117' title='bbox 701 2005 814 2104; x_wconf 87' lang='lat' dir='ltr'>Alpes</span> <span class='ocrx_word' id='word_1_118' title='bbox 832 2005 945 2082; x_wconf 90' lang='lat' dir='ltr'>desed&#39;</span> <span class='ocrx_word' id='word_1_119' title='bbox 978 2029 997 2078; x_wconf 89' lang='lat' dir='ltr'>e</span> <span class='ocrx_word' id='word_1_120' title='bbox 1013 2006 1204 2097; x_wconf 80' lang='lat' dir='ltr'>uxorisque</span> <span class='ocrx_word' id='word_1_121' title='bbox 1221 2003 1393 2078; x_wconf 88' lang='lat' dir='ltr'>irretitum</span> <span class='ocrx_word' id='word_1_122' title='bbox 1410 2005 1574 2096; x_wconf 85' lang='lat' dir='ltr'>libidine,</span> <span class='ocrx_word' id='word_1_123' title='bbox 1600 2029 1676 2079; x_wconf 85' lang='lat' dir='ltr'>ont-</span> 
     </span>
     <span class='ocr_line' id='line_1_16' title="bbox 479 2098 1688 2198; baseline -0.001 -19"><span class='ocrx_word' id='word_1_124' title='bbox 479 2127 560 2180; x_wconf 87' lang='lat' dir='ltr'>nem</span> <span class='ocrx_word' id='word_1_125' title='bbox 587 2105 721 2198; x_wconf 78' lang='lat' dir='ltr'>patrie·</span> <span class='ocrx_word' id='word_1_126' title='bbox 740 2103 928 2191; x_wconf 78' lang='lat' dir='ltr'>ornandae,</span> <span class='ocrx_word' id='word_1_127' title='bbox 952 2098 1067 2194; x_wconf 81' lang='lat' dir='ltr'>deque</span> <span class='ocrx_word' id='word_1_128' title='bbox 1092 2122 1134 2172; x_wconf 88' lang='lat' dir='ltr'>ea</span> <span class='ocrx_word' id='word_1_129' title='bbox 1162 2099 1431 2174; x_wconf 89' lang='lat' dir='ltr'>benemerendi</span> <span class='ocrx_word' id='word_1_130' title='bbox 1456 2104 1688 2178; x_wconf 78' lang='lat' dir='ltr'>voluntatem</span> 
     </span>
     <span class='ocr_line' id='line_1_17' title="bbox 479 2193 1675 2299; baseline 0.001 -27"><span class='ocrx_word' id='word_1_131' title='bbox 479 2208 548 2299; x_wconf 81' lang='lat' dir='ltr'>pro</span> <span class='ocrx_word' id='word_1_132' title='bbox 573 2199 739 2274; x_wconf 74' lang='lat' dir='ltr'>derelisto</span> <span class='ocrx_word' id='word_1_133' title='bbox 760 2198 901 2274; x_wconf 85' lang='lat' dir='ltr'>habere.</span> <span class='ocrx_word' id='word_1_134' title='bbox 952 2193 1120 2292; x_wconf 78' lang='lat' dir='ltr'>Utinam,</span> <span class='ocrx_word' id='word_1_135' title='bbox 1135 2194 1184 2268; x_wconf 85' lang='lat' dir='ltr'>nri</span> <span class='ocrx_word' id='word_1_136' title='bbox 1201 2193 1586 2292; x_wconf 64' lang='lat' dir='ltr'>caronmnnqnamtui</span> <span class='ocrx_word' id='word_1_137' title='bbox 1612 2223 1675 2274; x_wconf 89' lang='lat' dir='ltr'>no-</span> 
     </span>
     <span class='ocr_line' id='line_1_18' title="bbox 406 2289 1674 2394; baseline -0.002 -22"><span class='ocrx_word' id='word_1_138' title='bbox 406 2343 408 2346; x_wconf 95' lang='lat'>-</span> <span class='ocrx_word' id='word_1_139' title='bbox 480 2296 583 2372; x_wconf 84' lang='lat' dir='ltr'>urinis</span> <span class='ocrx_word' id='word_1_140' title='bbox 603 2292 731 2370; x_wconf 85' lang='lat' dir='ltr'>samam</span> <span class='ocrx_word' id='word_1_141' title='bbox 747 2295 861 2394; x_wconf 85' lang='lat' dir='ltr'>patria</span> <span class='ocrx_word' id='word_1_142' title='bbox 881 2289 1111 2368; x_wconf 70' lang='lat' dir='ltr'>intellexisset.</span> <span class='ocrx_word' id='word_1_143' title='bbox 1161 2290 1201 2363; x_wconf 92' lang='lat' dir='ltr'>Si</span> <span class='ocrx_word' id='word_1_144' title='bbox 1216 2292 1310 2366; x_wconf 80' lang='lat' dir='ltr'>illam</span> <span class='ocrx_word' id='word_1_145' title='bbox 1334 2293 1482 2382; x_wconf 86' lang='lat' dir='ltr'>deseris,</span> <span class='ocrx_word' id='word_1_146' title='bbox 1508 2318 1587 2390; x_wconf 88' lang='lat' dir='ltr'>quae</span> <span class='ocrx_word' id='word_1_147' title='bbox 1610 2293 1674 2369; x_wconf 85' lang='lat' dir='ltr'>sta·</span> 
     </span>
     <span class='ocr_line' id='line_1_19' title="bbox 479 2388 1685 2486; baseline -0.003 -20"><span class='ocrx_word' id='word_1_148' title='bbox 479 2393 543 2466; x_wconf 88' lang='lat' dir='ltr'>tim</span> <span class='ocrx_word' id='word_1_149' title='bbox 563 2415 606 2466; x_wconf 90' lang='lat' dir='ltr'>ac</span> <span class='ocrx_word' id='word_1_150' title='bbox 626 2393 670 2468; x_wconf 90' lang='lat' dir='ltr'>de</span> <span class='ocrx_word' id='word_1_151' title='bbox 692 2415 791 2466; x_wconf 77' lang='lat' dir='ltr'>tunm</span> <span class='ocrx_word' id='word_1_152' title='bbox 816 2390 903 2464; x_wconf 85' lang='lat' dir='ltr'>foetu</span> <span class='ocrx_word' id='word_1_153' title='bbox 929 2388 1071 2485; x_wconf 87' lang='lat' dir='ltr'>gloriari</span> <span class='ocrx_word' id='word_1_154' title='bbox 1096 2389 1264 2482; x_wconf 79' lang='lat' dir='ltr'>ceperit,</span> <span class='ocrx_word' id='word_1_155' title='bbox 1288 2388 1372 2462; x_wconf 89' lang='lat' dir='ltr'>ilico</span> <span class='ocrx_word' id='word_1_156' title='bbox 1401 2391 1445 2464; x_wconf 86' lang='lat' dir='ltr'>ad</span> <span class='ocrx_word' id='word_1_157' title='bbox 1461 2393 1685 2486; x_wconf 84' lang='lat' dir='ltr'>palinodiam.</span> 
     </span>
     <span class='ocr_line' id='line_1_20' title="bbox 420 2481 1675 2583; baseline -0.001 -19"><span class='ocrx_word' id='word_1_158' title='bbox 420 2573 424 2582; x_wconf 53' lang='grc'>,</span> <span class='ocrx_word' id='word_1_159' title='bbox 476 2507 682 2572; x_wconf 80' lang='lat' dir='ltr'>revocatur,</span> <span class='ocrx_word' id='word_1_160' title='bbox 706 2483 1038 2573; x_wconf 72' lang='lat' dir='ltr'>cumbrorum,</span> <span class='ocrx_word' id='word_1_161' title='bbox 1062 2481 1122 2558; x_wconf 89' lang='lat' dir='ltr'>sed</span> <span class='ocrx_word' id='word_1_162' title='bbox 1140 2485 1388 2580; x_wconf 80' lang='lat' dir='ltr'>longe-dissitis</span> <span class='ocrx_word' id='word_1_163' title='bbox 1415 2487 1589 2583; x_wconf 85' lang='lat' dir='ltr'>Alpibus,</span> <span class='ocrx_word' id='word_1_164' title='bbox 1614 2512 1675 2583; x_wconf 87' lang='lat' dir='ltr'>ge·</span> 
     </span>
     <span class='ocr_line' id='line_1_21' title="bbox 477 2579 1674 2681; baseline -0.002 -21"><span class='ocrx_word' id='word_1_165' title='bbox 477 2583 585 2660; x_wconf 72' lang='lat' dir='ltr'>nuisse</span> <span class='ocrx_word' id='word_1_166' title='bbox 603 2587 710 2658; x_wconf 88' lang='lat' dir='ltr'>talem</span> <span class='ocrx_word' id='word_1_167' title='bbox 731 2605 868 2681; x_wconf 82' lang='lat' dir='ltr'>paruam</span> <span class='ocrx_word' id='word_1_168' title='bbox 889 2582 1077 2676; x_wconf 84' lang='lat' dir='ltr'>intelligat!</span> <span class='ocrx_word' id='word_1_169' title='bbox 1103 2579 1298 2674; x_wconf 86' lang='lat' dir='ltr'>Quomodo</span> <span class='ocrx_word' id='word_1_170' title='bbox 1321 2583 1409 2658; x_wconf 90' lang='lat' dir='ltr'>verd</span> <span class='ocrx_word' id='word_1_171' title='bbox 1436 2587 1553 2658; x_wconf 84' lang='lat' dir='ltr'>metris</span> <span class='ocrx_word' id='word_1_172' title='bbox 1580 2589 1674 2660; x_wconf 62' lang='lat' dir='ltr'>orbiss</span> 
     </span>
     <span class='ocr_line' id='line_1_22' title="bbox 478 2675 1685 2776; baseline 0 -22"><span class='ocrx_word' id='word_1_173' title='bbox 478 2701 586 2756; x_wconf 86' lang='lat' dir='ltr'>tatem</span> <span class='ocrx_word' id='word_1_174' title='bbox 602 2703 643 2756; x_wconf 90' lang='lat' dir='ltr'>ac</span> <span class='ocrx_word' id='word_1_175' title='bbox 660 2681 857 2776; x_wconf 80' lang='lat' dir='ltr'>lachrymas</span> <span class='ocrx_word' id='word_1_176' title='bbox 874 2675 944 2754; x_wconf 86' lang='lat' dir='ltr'>fine</span> <span class='ocrx_word' id='word_1_177' title='bbox 966 2679 1156 2774; x_wconf 86' lang='lat' dir='ltr'>lachrymis</span> <span class='ocrx_word' id='word_1_178' title='bbox 1183 2699 1289 2772; x_wconf 84' lang='lat' dir='ltr'>potes</span> <span class='ocrx_word' id='word_1_179' title='bbox 1316 2681 1432 2753; x_wconf 89' lang='lat' dir='ltr'>animo</span> <span class='ocrx_word' id='word_1_180' title='bbox 1459 2683 1685 2755; x_wconf 71' lang='lat' dir='ltr'>revolveres·</span> 
     </span>
     <span class='ocr_line' id='line_1_23' title="bbox 478 2773 1675 2871; baseline 0 -19"><span class='ocrx_word' id='word_1_181' title='bbox 478 2777 541 2852; x_wconf 76' lang='lat' dir='ltr'>‘lu</span> <span class='ocrx_word' id='word_1_182' title='bbox 566 2777 737 2851; x_wconf 85' lang='lat' dir='ltr'>extribus</span> <span class='ocrx_word' id='word_1_183' title='bbox 761 2775 841 2852; x_wconf 86' lang='lat' dir='ltr'>filiis</span> <span class='ocrx_word' id='word_1_184' title='bbox 865 2775 1118 2870; x_wconf 88' lang='lat' dir='ltr'>primogenitus</span> <span class='ocrx_word' id='word_1_185' title='bbox 1147 2773 1244 2870; x_wconf 82' lang='lat' dir='ltr'>(a),</span> <span class='ocrx_word' id='word_1_186' title='bbox 1268 2795 1307 2848; x_wconf 94' lang='lat' dir='ltr'>tu</span> <span class='ocrx_word' id='word_1_187' title='bbox 1332 2775 1417 2870; x_wconf 85' lang='lat' dir='ltr'>spes·</span> <span class='ocrx_word' id='word_1_188' title='bbox 1437 2777 1613 2871; x_wconf 91' lang='lat' dir='ltr'>decusque</span> <span class='ocrx_word' id='word_1_189' title='bbox 1635 2779 1675 2852; x_wconf 90' lang='lat'>&amp;</span> 
     </span>
     <span class='ocr_line' id='line_1_24' title="bbox 478 2869 1686 2966; baseline -0.003 -17"><span class='ocrx_word' id='word_1_190' title='bbox 478 2874 637 2949; x_wconf 85' lang='lat' dir='ltr'>solatium</span> <span class='ocrx_word' id='word_1_191' title='bbox 653 2874 764 2960; x_wconf 91' lang='lat' dir='ltr'>illius,</span> <span class='ocrx_word' id='word_1_192' title='bbox 787 2875 823 2946; x_wconf 92' lang='lat' dir='ltr'>in</span> <span class='ocrx_word' id='word_1_193' title='bbox 840 2892 875 2946; x_wconf 89' lang='lat' dir='ltr'>te</span> <span class='ocrx_word' id='word_1_194' title='bbox 889 2893 1070 2966; x_wconf 86' lang='lat' dir='ltr'>paternam</span> <span class='ocrx_word' id='word_1_195' title='bbox 1086 2871 1251 2944; x_wconf 85' lang='lat' dir='ltr'>virtutem</span> <span class='ocrx_word' id='word_1_196' title='bbox 1268 2869 1399 2946; x_wconf 85' lang='lat' dir='ltr'>renasci</span> <span class='ocrx_word' id='word_1_197' title='bbox 1425 2873 1610 2960; x_wconf 89' lang='lat' dir='ltr'>videbat‚i</span> <span class='ocrx_word' id='word_1_198' title='bbox 1640 2873 1686 2950; x_wconf 83' lang='lat' dir='ltr'>sa.</span> 
     </span>
     <span class='ocr_line' id='line_1_25' title="bbox 478 2897 1674 3064; baseline -0.002 -18"><span class='ocrx_word' id='word_1_199' title='bbox 478 2972 544 3046; x_wconf 88' lang='lat' dir='ltr'>tibi</span> <span class='ocrx_word' id='word_1_200' title='bbox 561 2968 693 3044; x_wconf 86' lang='lat' dir='ltr'>dudum</span> <span class='ocrx_word' id='word_1_201' title='bbox 709 2992 874 3056; x_wconf 84' lang='lat' dir='ltr'>uxorem,</span> <span class='ocrx_word' id='word_1_202' title='bbox 897 2965 962 3040; x_wconf 88' lang='lat' dir='ltr'>libi</span> <span class='ocrx_word' id='word_1_203' title='bbox 978 2989 1104 3039; x_wconf 87' lang='lat' dir='ltr'>nurum</span> <span class='ocrx_word' id='word_1_204' title='bbox 1127 2966 1329 3062; x_wconf 87' lang='lat' dir='ltr'>quaerebat,</span> <span class='ocrx_word' id='word_1_205' title='bbox 1355 2963 1393 3038; x_wconf 87' lang='lat' dir='ltr'>dt</span> <span class='ocrx_word' id='word_1_206' title='bbox 1412 2970 1513 3064; x_wconf 80' lang='lat' dir='ltr'>hujus</span> <span class='ocrx_word' id='word_1_207' title='bbox 1531 2897 1674 3044; x_wconf 68' lang='lat' dir='ltr'>coaddit</span> 
     </span>
     <span class='ocr_line' id='line_1_26' title="bbox 478 3061 1685 3164; baseline -0.002 -22"><span class='ocrx_word' id='word_1_208' title='bbox 478 3068 575 3143; x_wconf 85' lang='lat' dir='ltr'>irrita</span> <span class='ocrx_word' id='word_1_209' title='bbox 595 3064 729 3156; x_wconf 84' lang='lat' dir='ltr'>facere,</span> <span class='ocrx_word' id='word_1_210' title='bbox 753 3065 856 3164; x_wconf 89' lang='lat' dir='ltr'>hujus</span> <span class='ocrx_word' id='word_1_211' title='bbox 879 3065 1004 3158; x_wconf 86' lang='lat' dir='ltr'>gaudia</span> <span class='ocrx_word' id='word_1_212' title='bbox 1032 3063 1069 3134; x_wconf 90' lang='lat' dir='ltr'>in</span> <span class='ocrx_word' id='word_1_213' title='bbox 1094 3061 1287 3137; x_wconf 82' lang='lat' dir='ltr'>moestitiam</span> <span class='ocrx_word' id='word_1_214' title='bbox 1315 3087 1520 3139; x_wconf 88' lang='lat' dir='ltr'>convertere</span> <span class='ocrx_word' id='word_1_215' title='bbox 1543 3089 1613 3138; x_wconf 90' lang='lat' dir='ltr'>non</span> <span class='ocrx_word' id='word_1_216' title='bbox 1638 3087 1685 3140; x_wconf 51' lang='lat' dir='ltr'>te»</span> 
     </span>
     <span class='ocr_line' id='line_1_27' title="bbox 478 3158 1865 3270; baseline -0.006 -30"><span class='ocrx_word' id='word_1_217' title='bbox 478 3162 656 3263; x_wconf 75' lang='lat' dir='ltr'>pudebit?</span> <span class='ocrx_word' id='word_1_218' title='bbox 682 3159 718 3234; x_wconf 90' lang='lat' dir='ltr'>Si</span> <span class='ocrx_word' id='word_1_219' title='bbox 750 3164 836 3257; x_wconf 88' lang='lat' dir='ltr'>qnid</span> <span class='ocrx_word' id='word_1_220' title='bbox 877 3161 948 3232; x_wconf 89' lang='lat' dir='ltr'>tibi.</span> <span class='ocrx_word' id='word_1_221' title='bbox 978 3158 1201 3232; x_wconf 87' lang='lat' dir='ltr'>humanitatis</span> <span class='ocrx_word' id='word_1_222' title='bbox 1224 3158 1247 3199; x_wconf 73' lang='lat'>*‘</span> <span class='ocrx_word' id='word_1_223' title='bbox 1269 3159 1490 3254; x_wconf 85' lang='lat' dir='ltr'>contigisset,</span> <span class='ocrx_word' id='word_1_224' title='bbox 1526 3163 1563 3234; x_wconf 90' lang='lat' dir='ltr'>in</span> <span class='ocrx_word' id='word_1_225' title='bbox 1600 3159 1673 3236; x_wconf 82' lang='lat' dir='ltr'>sata</span> <span class='ocrx_word' id='word_1_226' title='bbox 1708 3191 1865 3270; x_wconf 70' lang='lat' dir='ltr'>*teg-en·-</span> 
     </span>
     <span class='ocr_line' id='line_1_28' title="bbox 478 3250 1853 3358; baseline -0.007 -22"><span class='ocrx_word' id='word_1_227' title='bbox 478 3259 604 3358; x_wconf 71' lang='lat' dir='ltr'>sajetta</span> <span class='ocrx_word' id='word_1_228' title='bbox 630 3257 730 3332; x_wconf 86' lang='lat' dir='ltr'>causa</span> <span class='ocrx_word' id='word_1_229' title='bbox 747 3260 858 3330; x_wconf 89' lang='lat' dir='ltr'>minus</span> <span class='ocrx_word' id='word_1_230' title='bbox 876 3275 1035 3330; x_wconf 89' lang='lat' dir='ltr'>tenerum</span> <span class='ocrx_word' id='word_1_231' title='bbox 1051 3253 1168 3327; x_wconf 88' lang='lat' dir='ltr'>matris</span> <span class='ocrx_word' id='word_1_232' title='bbox 1184 3250 1306 3348; x_wconf 71' lang='lat' dir='ltr'>pessus</span> <span class='ocrx_word' id='word_1_233' title='bbox 1333 3255 1565 3344; x_wconf 81' lang='lat' dir='ltr'>vulnerasset,</span> <span class='ocrx_word' id='word_1_234' title='bbox 1587 3278 1622 3332; x_wconf 85' lang='lat' dir='ltr'>at</span> <span class='ocrx_word' id='word_1_235' title='bbox 1646 3257 1672 3332; x_wconf 88' lang='lat' dir='ltr'>sr</span> <span class='ocrx_word' id='word_1_236' title='bbox 1708 3271 1787 3328; x_wconf 79' lang='lat' dir='ltr'>dnm:</span> <span class='ocrx_word' id='word_1_237' title='bbox 1801 3274 1853 3326; x_wconf 79' lang='lat' dir='ltr'>nu-</span> 
     </span>
     <span class='ocr_line' id='line_1_29' title="bbox 481 3349 1858 3450; baseline -0.001 -18"><span class='ocrx_word' id='word_1_238' title='bbox 481 3377 518 3432; x_wconf 88' lang='lat' dir='ltr'>te</span> <span class='ocrx_word' id='word_1_239' title='bbox 542 3359 580 3430; x_wconf 89' lang='lat' dir='ltr'>in</span> <span class='ocrx_word' id='word_1_240' title='bbox 596 3353 836 3426; x_wconf 86' lang='lat' dir='ltr'>voluntarium</span> <span class='ocrx_word' id='word_1_241' title='bbox 862 3353 1004 3424; x_wconf 84' lang='lat' dir='ltr'>exilium</span> <span class='ocrx_word' id='word_1_242' title='bbox 1031 3351 1249 3443; x_wconf 86' lang='lat' dir='ltr'>conjeceris,</span> <span class='ocrx_word' id='word_1_243' title='bbox 1282 3349 1307 3423; x_wconf 86' lang='lat' dir='ltr'><strong>fi</strong></span> <span class='ocrx_word' id='word_1_244' title='bbox 1341 3373 1411 3426; x_wconf 81' lang='lat' dir='ltr'>tam</span> <span class='ocrx_word' id='word_1_245' title='bbox 1437 3353 1672 3450; x_wconf 85' lang='lat' dir='ltr'>indulgentem</span> <span class='ocrx_word' id='word_1_246' title='bbox 1709 3353 1858 3409; x_wconf 49' lang='lat' dir='ltr'>mmsis*</span> 
     </span>
     <span class='ocr_line' id='line_1_30' title="bbox 481 3443 1673 3546; baseline 0.001 -21"><span class='ocrx_word' id='word_1_247' title='bbox 481 3473 647 3534; x_wconf 85' lang='lat' dir='ltr'>martem,</span> <span class='ocrx_word' id='word_1_248' title='bbox 670 3469 740 3520; x_wconf 83' lang='lat' dir='ltr'>tam</span> <span class='ocrx_word' id='word_1_249' title='bbox 755 3449 806 3521; x_wconf 90' lang='lat' dir='ltr'>tui</span> <span class='ocrx_word' id='word_1_250' title='bbox 825 3467 997 3524; x_wconf 86' lang='lat' dir='ltr'>amantem</span> <span class='ocrx_word' id='word_1_251' title='bbox 1015 3443 1222 3534; x_wconf 88' lang='lat' dir='ltr'>deserueris,</span> <span class='ocrx_word' id='word_1_252' title='bbox 1248 3449 1519 3544; x_wconf 89' lang='lat' dir='ltr'>alienigenisque</span> <span class='ocrx_word' id='word_1_253' title='bbox 1540 3452 1673 3546; x_wconf 84' lang='lat' dir='ltr'>nuptiis</span> 
     </span>
     <span class='ocr_line' id='line_1_31' title="bbox 481 3539 1672 3642; baseline -0.001 -20"><span class='ocrx_word' id='word_1_254' title='bbox 481 3568 518 3621; x_wconf 89' lang='lat' dir='ltr'>te</span> <span class='ocrx_word' id='word_1_255' title='bbox 533 3543 786 3641; x_wconf 87' lang='lat' dir='ltr'>implicaveris,</span> <span class='ocrx_word' id='word_1_256' title='bbox 811 3542 898 3640; x_wconf 90' lang='lat' dir='ltr'>quid</span> <span class='ocrx_word' id='word_1_257' title='bbox 913 3545 1006 3616; x_wconf 87' lang='lat' dir='ltr'>aliud</span> <span class='ocrx_word' id='word_1_258' title='bbox 1025 3539 1157 3626; x_wconf 78' lang='lat' dir='ltr'>facies,</span> <span class='ocrx_word' id='word_1_259' title='bbox 1183 3539 1286 3636; x_wconf 76' lang='lat' dir='ltr'>quim</span> <span class='ocrx_word' id='word_1_260' title='bbox 1304 3563 1344 3616; x_wconf 93' lang='lat' dir='ltr'>ut</span> <span class='ocrx_word' id='word_1_261' title='bbox 1359 3543 1418 3616; x_wconf 84' lang='lat' dir='ltr'>illa</span> <span class='ocrx_word' id='word_1_262' title='bbox 1441 3547 1476 3616; x_wconf 89' lang='lat' dir='ltr'>in</span> <span class='ocrx_word' id='word_1_263' title='bbox 1498 3568 1672 3642; x_wconf 90' lang='lat' dir='ltr'>perpetuo</span> 
     </span>
     <span class='ocr_line' id='line_1_32' title="bbox 482 3636 1687 3734; baseline -0.001 -18"><span class='ocrx_word' id='word_1_264' title='bbox 482 3645 604 3717; x_wconf 89' lang='lat' dir='ltr'>dolore</span> <span class='ocrx_word' id='word_1_265' title='bbox 619 3639 735 3722; x_wconf 88' lang='lat' dir='ltr'>vivat,</span> <span class='ocrx_word' id='word_1_266' title='bbox 766 3641 825 3714; x_wconf 82' lang='lat' dir='ltr'>vel</span> <span class='ocrx_word' id='word_1_267' title='bbox 852 3659 926 3716; x_wconf 83' lang='lat' dir='ltr'>tua.</span> <span class='ocrx_word' id='word_1_268' title='bbox 938 3636 1039 3712; x_wconf 82' lang='lat' dir='ltr'>causa</span> <span class='ocrx_word' id='word_1_269' title='bbox 1068 3637 1236 3710; x_wconf 86' lang='lat' dir='ltr'>moriatur</span> <span class='ocrx_word' id='word_1_270' title='bbox 1269 3640 1399 3712; x_wconf 86' lang='lat' dir='ltr'>doloris</span> <span class='ocrx_word' id='word_1_271' title='bbox 1431 3641 1687 3734; x_wconf 59' lang='lat' dir='ltr'>impatientias</span> 
     </span>
     <span class='ocr_line' id='line_1_33' title="bbox 482 3733 1675 3832; baseline -0.002 -20"><span class='ocrx_word' id='word_1_272' title='bbox 482 3735 665 3829; x_wconf 78' lang='lat' dir='ltr'>Quaerisne</span> <span class='ocrx_word' id='word_1_273' title='bbox 684 3757 804 3830; x_wconf 87' lang='lat' dir='ltr'>ergoa</span> <span class='ocrx_word' id='word_1_274' title='bbox 828 3758 903 3822; x_wconf 88' lang='lat' dir='ltr'>tne,</span> <span class='ocrx_word' id='word_1_275' title='bbox 922 3756 979 3832; x_wconf 81' lang='lat' dir='ltr'>an</span> <span class='ocrx_word' id='word_1_276' title='bbox 1003 3753 1156 3808; x_wconf 88' lang='lat' dir='ltr'>matrem</span> <span class='ocrx_word' id='word_1_277' title='bbox 1175 3733 1304 3806; x_wconf 86' lang='lat' dir='ltr'>debeas</span> <span class='ocrx_word' id='word_1_278' title='bbox 1328 3733 1516 3810; x_wconf 78' lang='lat' dir='ltr'>occidere?</span> <span class='ocrx_word' id='word_1_279' title='bbox 1541 3735 1610 3812; x_wconf 91' lang='lat' dir='ltr'>hoc</span> <span class='ocrx_word' id='word_1_280' title='bbox 1629 3761 1675 3810; x_wconf 92' lang='lat' dir='ltr'>an</span> 
     </span>
     <span class='ocr_line' id='line_1_34' title="bbox 482 3828 1677 4006; baseline -0.007 -94"><span class='ocrx_word' id='word_1_281' title='bbox 482 3855 517 3912; x_wconf 85' lang='lat' dir='ltr'>te</span> <span class='ocrx_word' id='word_1_282' title='bbox 535 3831 680 3932; x_wconf 83' lang='lat' dir='ltr'>negabis</span> <span class='ocrx_word' id='word_1_283' title='bbox 700 3829 840 3918; x_wconf 83' lang='lat' dir='ltr'>facere,</span> <span class='ocrx_word' id='word_1_284' title='bbox 864 3829 930 3928; x_wconf 87' lang='lat' dir='ltr'>qui</span> <span class='ocrx_word' id='word_1_285' title='bbox 949 3851 1022 3908; x_wconf 78' lang='lat' dir='ltr'>tam</span> <span class='ocrx_word' id='word_1_286' title='bbox 1048 3829 1245 3906; x_wconf 83' lang='lat' dir='ltr'>evidentem</span> <span class='ocrx_word' id='word_1_287' title='bbox 1271 3828 1677 4006; x_wconf 69' lang='lat' dir='ltr'>illioccasi&#39;onembprae·</span> 
     </span>
     <span class='ocr_line' id='line_1_35' title="bbox 1591 3937 1696 4004; baseline -0.067 0"><span class='ocrx_word' id='word_1_288' title='bbox 1591 3953 1647 4004; x_wconf 85' lang='lat' dir='ltr'>eas</span> <span class='ocrx_word' id='word_1_289' title='bbox 1683 3937 1696 3997; x_wconf 56' lang='grc' dir='ltr'>,Γ</span> 
     </span>
    </p>
   </div>
   <div class='ocr_carea' id='block_1_3' title="bbox 482 4102 1694 4534">
    <p class='ocr_par' dir='ltr' id='par_1_3' title="bbox 482 4102 1694 4534">
     <span class='ocr_line' id='line_1_36' title="bbox 526 4102 1693 4198; baseline -0.009 -20"><span class='ocrx_word' id='word_1_290' title='bbox 526 4107 589 4198; x_wconf 81' lang='lat'>(2)</span> <span class='ocrx_word' id='word_1_291' title='bbox 610 4105 666 4174; x_wconf 77' lang='lat' dir='ltr'>Est</span> <span class='ocrx_word' id='word_1_292' title='bbox 688 4105 783 4174; x_wconf 78' lang='lat' dir='ltr'>tribur</span> <span class='ocrx_word' id='word_1_293' title='bbox 810 4105 890 4190; x_wconf 77' lang='lat' dir='ltr'>filiis</span> <span class='ocrx_word' id='word_1_294' title='bbox 907 4103 1139 4190; x_wconf 77' lang='lat' dir='ltr'>primogenitus]</span> <span class='ocrx_word' id='word_1_295' title='bbox 1161 4102 1323 4170; x_wconf 85' lang='lat' dir='ltr'>Secundd</span> <span class='ocrx_word' id='word_1_296' title='bbox 1352 4105 1489 4190; x_wconf 88' lang='lat' dir='ltr'>genitus</span> <span class='ocrx_word' id='word_1_297' title='bbox 1507 4105 1693 4182; x_wconf 79' lang='lat' dir='ltr'>Antonius‚...</span> 
     </span>
     <span class='ocr_line' id='line_1_37' title="bbox 482 4185 1689 4263; baseline -0.007 -1"><span class='ocrx_word' id='word_1_298' title='bbox 482 4193 549 4262; x_wconf 79' lang='lat' dir='ltr'>fnit</span> <span class='ocrx_word' id='word_1_299' title='bbox 572 4189 838 4259; x_wconf 87' lang='lat' dir='ltr'>consiliariusin</span> <span class='ocrx_word' id='word_1_300' title='bbox 857 4189 1074 4258; x_wconf 84' lang='lat' dir='ltr'>Parlamento</span> <span class='ocrx_word' id='word_1_301' title='bbox 1096 4185 1348 4263; x_wconf 67' lang='lat' dir='ltr'>mechliniensi,</span> <span class='ocrx_word' id='word_1_302' title='bbox 1393 4189 1524 4254; x_wconf 88' lang='lat' dir='ltr'>uamvis</span> <span class='ocrx_word' id='word_1_303' title='bbox 1542 4189 1580 4253; x_wconf 92' lang='lat' dir='ltr'>in</span> <span class='ocrx_word' id='word_1_304' title='bbox 1605 4186 1689 4254; x_wconf 87' lang='lat' dir='ltr'>Ca-·</span> 
     </span>
     <span class='ocr_line' id='line_1_38' title="bbox 482 4267 1693 4362; baseline -0.01 -17"><span class='ocrx_word' id='word_1_305' title='bbox 482 4281 600 4362; x_wconf 81' lang='lat' dir='ltr'>tulogo</span> <span class='ocrx_word' id='word_1_306' title='bbox 616 4293 687 4340; x_wconf 92' lang='lat' dir='ltr'>non</span> <span class='ocrx_word' id='word_1_307' title='bbox 708 4294 746 4342; x_wconf 88' lang='lat' dir='ltr'>re</span> <span class='ocrx_word' id='word_1_308' title='bbox 773 4273 922 4350; x_wconf 84' lang='lat' dir='ltr'>eriatur,</span> <span class='ocrx_word' id='word_1_309' title='bbox 939 4271 1061 4340; x_wconf 89' lang='lat' dir='ltr'>sedita</span> <span class='ocrx_word' id='word_1_310' title='bbox 1079 4269 1196 4336; x_wconf 89' lang='lat' dir='ltr'>scribit</span> <span class='ocrx_word' id='word_1_311' title='bbox 1223 4267 1296 4338; x_wconf 80' lang='lat' dir='ltr'>Vol.</span> <span class='ocrx_word' id='word_1_312' title='bbox 1317 4271 1360 4334; x_wconf 86' lang='lat' dir='ltr'>Ar</span> <span class='ocrx_word' id='word_1_313' title='bbox 1390 4291 1419 4337; x_wconf 90' lang='lat' dir='ltr'>r.</span> <span class='ocrx_word' id='word_1_314' title='bbox 1440 4279 1472 4337; x_wconf 75' lang='lat' dir='ltr'>itt</span> <span class='ocrx_word' id='word_1_315' title='bbox 1492 4270 1572 4337; x_wconf 77' lang='lat' dir='ltr'>Bibs.</span> <span class='ocrx_word' id='word_1_316' title='bbox 1591 4268 1693 4352; x_wconf 83' lang='lat' dir='ltr'>Belg..</span> 
     </span>
     <span class='ocr_line' id='line_1_39' title="bbox 485 4351 1694 4453; baseline -0.002 -26"><span class='ocrx_word' id='word_1_317' title='bbox 485 4362 522 4429; x_wconf 81' lang='lat' dir='ltr'>dt</span> <span class='ocrx_word' id='word_1_318' title='bbox 542 4362 579 4426; x_wconf 88' lang='lat' dir='ltr'>in</span> <span class='ocrx_word' id='word_1_319' title='bbox 601 4356 699 4438; x_wconf 71' lang='lat' dir='ltr'>Fusiis</span> <span class='ocrx_word' id='word_1_320' title='bbox 752 4356 816 4453; x_wconf 74' lang='lat' dir='ltr'>end.</span> <span class='ocrx_word' id='word_1_321' title='bbox 846 4356 973 4452; x_wconf 69' lang='lat' dir='ltr'>thron.</span> <span class='ocrx_word' id='word_1_322' title='bbox 1001 4373 1038 4439; x_wconf 89' lang='lat' dir='ltr'>p.</span> <span class='ocrx_word' id='word_1_323' title='bbox 1067 4357 1139 4436; x_wconf 84' lang='lat'>165.</span> <span class='ocrx_word' id='word_1_324' title='bbox 1158 4353 1287 4448; x_wconf 38' lang='lat' dir='ltr'>Tertid·</span> <span class='ocrx_word' id='word_1_325' title='bbox 1306 4353 1442 4446; x_wconf 68' lang='lat' dir='ltr'>gemtus</span> <span class='ocrx_word' id='word_1_326' title='bbox 1460 4353 1527 4423; x_wconf 87' lang='lat' dir='ltr'>suit</span> <span class='ocrx_word' id='word_1_327' title='bbox 1541 4351 1694 4444; x_wconf 66' lang='lat' dir='ltr'>Jouontts</span> 
     </span>
     <span class='ocr_line' id='line_1_40' title="bbox 484 4433 1385 4534; baseline -0.009 -20"><span class='ocrx_word' id='word_1_328' title='bbox 484 4457 525 4514; x_wconf 84' lang='lat' dir='ltr'>ru</span> <span class='ocrx_word' id='word_1_329' title='bbox 539 4440 927 4534; x_wconf 55' lang='lat' dir='ltr'>estibidelittnvttus</span> <span class='ocrx_word' id='word_1_330' title='bbox 947 4439 992 4509; x_wconf 82' lang='lat' dir='ltr'>sd</span> <span class='ocrx_word' id='word_1_331' title='bbox 1009 4455 1091 4508; x_wconf 89' lang='lat' dir='ltr'>eutn</span> <span class='ocrx_word' id='word_1_332' title='bbox 1116 4433 1385 4528; x_wconf 74' lang='lat' dir='ltr'>Eresmrlrtens</span> 
     </span>
    </p>
   </div>
   <div class='ocr_carea' id='block_1_4' title="bbox 0 0 2344 5828">
    <p class='ocr_par' dir='ltr' id='par_1_4' title="bbox 0 0 2344 5828">
     <span class='ocr_line' id='line_1_41' title="bbox 0 0 2344 5828; baseline 0 2"><span class='ocrx_word' id='word_1_333' title='bbox 0 0 2344 5828; x_wconf 95' lang='lat' dir='ltr'> </span> 
     </span>
    </p>
   </div>
   <div class='ocr_carea' id='block_1_5' title="bbox 2319 2990 2326 3518">
    <p class='ocr_par' dir='ltr' id='par_1_5' title="bbox 2319 2990 2326 3518">
     <span class='ocr_line' id='line_1_42' title="bbox 2319 2990 2326 3518; baseline 0 0"><span class='ocrx_word' id='word_1_334' title='bbox 2319 2990 2326 3518; x_wconf 95' lang='lat' dir='ltr'> </span> 
     </span>
    </p>
   </div>
  </div>
 </body>
</html>
