<?xml version="1.0" encoding="UTF-8"?>
<!DOCTYPE html PUBLIC "-//W3C//DTD XHTML 1.0 Transitional//EN"
    "http://www.w3.org/TR/xhtml1/DTD/xhtml1-transitional.dtd">
<html xmlns="http://www.w3.org/1999/xhtml" xml:lang="en" lang="en">
 <head>
  <title>
</title>
<meta http-equiv="Content-Type" content="text/html;charset=utf-8" />
  <meta name='ocr-system' content='tesseract 3.04.00' />
  <meta name='ocr-capabilities' content='ocr_page ocr_carea ocr_par ocr_line ocrx_word'/>
</head>
<body>
  <div class='ocr_page' id='page_1' title='image "./vitavigliiabayt00ayttgoog_0031.png"; bbox 0 0 4840 5830; ppageno 0'>
   <div class='ocr_carea' id='block_1_1' title="bbox 712 603 1745 711">
    <p class='ocr_par' dir='ltr' id='par_1_1' title="bbox 712 603 1745 711">
     <span class='ocr_line' id='line_1_1' title="bbox 712 603 1745 711; baseline -0.003 0"><span class='ocrx_word' id='word_1_1' title='bbox 712 645 770 711; x_wconf 83' lang='lat'>20</span> <span class='ocrx_word' id='word_1_2' title='bbox 895 605 1221 706; x_wconf 76' lang='lat' dir='ltr'><strong>&#39;TABULAE</strong></span> <span class='ocrx_word' id='word_1_3' title='bbox 1270 603 1745 708; x_wconf 83' lang='lat' dir='ltr'>ERECTIONIS</span> 
     </span>
    </p>
   </div>
   <div class='ocr_carea' id='block_1_2' title="bbox 707 798 1909 1374">
    <p class='ocr_par' dir='ltr' id='par_1_2' title="bbox 707 798 1909 1374">
     <span class='ocr_line' id='line_1_2' title="bbox 712 798 1903 907; baseline -0.009 -21"><span class='ocrx_word' id='word_1_4' title='bbox 712 805 910 907; x_wconf 77' lang='lat' dir='ltr'>constitnerit</span> <span class='ocrx_word' id='word_1_5' title='bbox 928 823 1034 878; x_wconf 84' lang='lat' dir='ltr'>nonem</span> <span class='ocrx_word' id='word_1_6' title='bbox 1049 803 1151 889; x_wconf 82' lang='lat' dir='ltr'>viros,</span> <span class='ocrx_word' id='word_1_7' title='bbox 1177 801 1285 895; x_wconf 77' lang='lat' dir='ltr'>quilius</span> <span class='ocrx_word' id='word_1_8' title='bbox 1300 823 1377 874; x_wconf 84' lang='lat' dir='ltr'>ciera</span> <span class='ocrx_word' id='word_1_9' title='bbox 1403 798 1476 898; x_wconf 74' lang='lat' dir='ltr'>effit</span> <span class='ocrx_word' id='word_1_10' title='bbox 1502 825 1605 877; x_wconf 83' lang='lat' dir='ltr'>rernm</span> <span class='ocrx_word' id='word_1_11' title='bbox 1631 801 1831 895; x_wconf 63' lang='lat' dir='ltr'>palearem</span> <span class='ocrx_word' id='word_1_12' title='bbox 1844 817 1903 898; x_wconf 71' lang='lat' dir='ltr'>per</span> 
     </span>
     <span class='ocr_line' id='line_1_3' title="bbox 713 893 1901 992; baseline -0.003 -15"><span class='ocrx_word' id='word_1_13' title='bbox 713 905 937 986; x_wconf 78' lang='lat' dir='ltr'>Bellaneli&#39;nni,</span> <span class='ocrx_word' id='word_1_14' title='bbox 963 895 1145 970; x_wconf 72' lang='lat' dir='ltr'><em>zelandiam</em></span> <span class='ocrx_word' id='word_1_15' title='bbox 1168 919 1207 968; x_wconf 85' lang='lat' dir='ltr'>ae</span> <span class='ocrx_word' id='word_1_16' title='bbox 1231 893 1382 990; x_wconf 69' lang='lat' dir='ltr'>Frisium</span> <span class='ocrx_word' id='word_1_17' title='bbox 1406 915 1512 992; x_wconf 78' lang='lat' dir='ltr'>nempe</span> <span class='ocrx_word' id='word_1_18' title='bbox 1530 913 1594 971; x_wconf 84' lang='lat' dir='ltr'>ires</span> <span class='ocrx_word' id='word_1_19' title='bbox 1618 917 1691 990; x_wconf 77' lang='lat' dir='ltr'>ques</span> <span class='ocrx_word' id='word_1_20' title='bbox 1716 897 1742 990; x_wconf 86' lang='lat' dir='ltr'>J</span> <span class='ocrx_word' id='word_1_21' title='bbox 1749 919 1901 974; x_wconf 63' lang='lat' dir='ltr'>icona</span> 
     </span>
     <span class='ocr_line' id='line_1_4' title="bbox 714 989 1903 1093; baseline -0.006 -20"><span class='ocrx_word' id='word_1_22' title='bbox 714 997 909 1093; x_wconf 77' lang='lat' dir='ltr'>defigneret,</span> <span class='ocrx_word' id='word_1_23' title='bbox 934 995 1088 1066; x_wconf 81' lang='lat' dir='ltr'>tetselini</span> <span class='ocrx_word' id='word_1_24' title='bbox 1110 989 1369 1066; x_wconf 69' lang='lat' dir='ltr'>Piiinii’nus</span> <span class='ocrx_word' id='word_1_25' title='bbox 1392 993 1516 1087; x_wconf 78' lang='lat' dir='ltr'>eligeret</span> <span class='ocrx_word' id='word_1_26' title='bbox 1540 993 1607 1087; x_wconf 89' lang='lat' dir='ltr'>(eii</span> <span class='ocrx_word' id='word_1_27' title='bbox 1629 993 1903 1088; x_wconf 47' lang='lat' dir='ltr'>indigeniesuti·</span> 
     </span>
     <span class='ocr_line' id='line_1_5' title="bbox 716 1085 1904 1184; baseline -0.008 -16"><span class='ocrx_word' id='word_1_28' title='bbox 716 1089 880 1184; x_wconf 83' lang='lat' dir='ltr'>videtur)</span> <span class='ocrx_word' id='word_1_29' title='bbox 905 1085 947 1172; x_wconf 58' lang='grc' dir='ltr'>Β</span> <span class='ocrx_word' id='word_1_30' title='bbox 966 1087 1096 1182; x_wconf 80' lang='lat' dir='ltr'>reliquos</span> <span class='ocrx_word' id='word_1_31' title='bbox 1116 1103 1178 1159; x_wconf 80' lang='lat' dir='ltr'>eres</span> <span class='ocrx_word' id='word_1_32' title='bbox 1196 1090 1255 1179; x_wconf 85' lang='lat' dir='ltr'>ipse</span> <span class='ocrx_word' id='word_1_33' title='bbox 1272 1105 1386 1180; x_wconf 79' lang='lat' dir='ltr'>quoqne</span> <span class='ocrx_word' id='word_1_34' title='bbox 1402 1087 1569 1180; x_wconf 75' lang='lat' dir='ltr'><em>defamem</em></span> <span class='ocrx_word' id='word_1_35' title='bbox 1592 1111 1631 1161; x_wconf 81' lang='lat' dir='ltr'>ex</span> <span class='ocrx_word' id='word_1_36' title='bbox 1647 1088 1717 1159; x_wconf 85' lang='lat' dir='ltr'>aliis</span> <span class='ocrx_word' id='word_1_37' title='bbox 1738 1089 1904 1160; x_wconf 80' lang='lat' dir='ltr'>ditionibus</span> 
     </span>
     <span class='ocr_line' id='line_1_6' title="bbox 710 1181 1909 1281; baseline -0.004 -22"><span class='ocrx_word' id='word_1_38' title='bbox 710 1181 800 1281; x_wconf 74' lang='lat' dir='ltr'>suis,</span> <span class='ocrx_word' id='word_1_39' title='bbox 825 1207 924 1258; x_wconf 84' lang='lat' dir='ltr'>omnes</span> <span class='ocrx_word' id='word_1_40' title='bbox 957 1185 1040 1256; x_wconf 83' lang='lat' dir='ltr'>nient</span> <span class='ocrx_word' id='word_1_41' title='bbox 1067 1185 1177 1268; x_wconf 79' lang='lat' dir='ltr'>lenos,</span> <span class='ocrx_word' id='word_1_42' title='bbox 1208 1183 1343 1272; x_wconf 82' lang='lat' dir='ltr'>proies,</span> <span class='ocrx_word' id='word_1_43' title='bbox 1372 1187 1460 1274; x_wconf 82' lang='lat' dir='ltr'>pecii</span> <span class='ocrx_word' id='word_1_44' title='bbox 1488 1206 1527 1254; x_wconf 86' lang='lat' dir='ltr'>ae</span> <span class='ocrx_word' id='word_1_45' title='bbox 1547 1185 1711 1256; x_wconf 77' lang='lat' dir='ltr'>concordie</span> <span class='ocrx_word' id='word_1_46' title='bbox 1739 1197 1909 1271; x_wconf 81' lang='lat' dir='ltr'>amantes,</span> 
     </span>
     <span class='ocr_line' id='line_1_7' title="bbox 707 1273 1903 1374; baseline 0 -26"><span class='ocrx_word' id='word_1_47' title='bbox 707 1305 821 1362; x_wconf 74' lang='lat' dir='ltr'>..eornm</span> <span class='ocrx_word' id='word_1_48' title='bbox 834 1281 943 1374; x_wconf 79' lang='lat' dir='ltr'>quibes</span> <span class='ocrx_word' id='word_1_49' title='bbox 956 1299 1055 1351; x_wconf 79' lang='lat' dir='ltr'>erenei</span> <span class='ocrx_word' id='word_1_50' title='bbox 1070 1295 1125 1370; x_wconf 82' lang='lat' dir='ltr'>per</span> <span class='ocrx_word' id='word_1_51' title='bbox 1143 1277 1340 1348; x_wconf 84' lang='lat' dir='ltr'>Hollaneli&#39;em</span> <span class='ocrx_word' id='word_1_52' title='bbox 1349 1326 1361 1362; x_wconf 89' lang='lat'><strong><em>,</em></strong></span> <span class='ocrx_word' id='word_1_53' title='bbox 1387 1273 1761 1366; x_wconf 72' lang='lat' dir='ltr'>Zelneieliaen&amp;l⁴“eistam</span> <span class='ocrx_word' id='word_1_54' title='bbox 1776 1277 1903 1372; x_wconf 69' lang='lat' dir='ltr'>quelle·</span> 
     </span>
    </p>
   </div>
   <div class='ocr_carea' id='block_1_3' title="bbox 572 1370 1905 1467">
    <p class='ocr_par' dir='ltr' id='par_1_3' title="bbox 572 1370 1905 1467">
     <span class='ocr_line' id='line_1_8' title="bbox 572 1370 1905 1467; baseline -0.004 -17"><span class='ocrx_word' id='word_1_55' title='bbox 572 1453 574 1458; x_wconf 77' lang='grc'>,</span> <span class='ocrx_word' id='word_1_56' title='bbox 720 1399 793 1464; x_wconf 81' lang='lat' dir='ltr'>res,</span> <span class='ocrx_word' id='word_1_57' title='bbox 816 1381 931 1467; x_wconf 80' lang='lat' dir='ltr'>accepti</span> <span class='ocrx_word' id='word_1_58' title='bbox 951 1375 991 1454; x_wconf 78' lang='lat'><em>&amp;</em></span> <span class='ocrx_word' id='word_1_59' title='bbox 1009 1370 1130 1464; x_wconf 73' lang='lat' dir='ltr'>expenfi</span> <span class='ocrx_word' id='word_1_60' title='bbox 1151 1377 1287 1444; x_wconf 80' lang='lat' dir='ltr'>rationes</span> <span class='ocrx_word' id='word_1_61' title='bbox 1311 1372 1495 1460; x_wconf 80' lang='lat' dir='ltr'>redderent,</span> <span class='ocrx_word' id='word_1_62' title='bbox 1523 1375 1723 1464; x_wconf 69' lang='lat' dir='ltr'>presentibus</span> <span class='ocrx_word' id='word_1_63' title='bbox 1746 1376 1809 1446; x_wconf 86' lang='lat' dir='ltr'>illis</span> <span class='ocrx_word' id='word_1_64' title='bbox 1832 1395 1905 1466; x_wconf 79' lang='lat' dir='ltr'>qnos</span> 
     </span>
    </p>
   </div>
   <div class='ocr_carea' id='block_1_4' title="bbox 722 1466 1919 2700">
    <p class='ocr_par' dir='ltr' id='par_1_4' title="bbox 722 1466 1919 2700">
     <span class='ocr_line' id='line_1_9' title="bbox 722 1466 1908 1566; baseline -0.004 -22"><span class='ocrx_word' id='word_1_65' title='bbox 722 1469 907 1566; x_wconf 82' lang='lat' dir='ltr'>Jiconii</span> <span class='ocrx_word' id='word_1_66' title='bbox 941 1470 1077 1539; x_wconf 75' lang='lat' dir='ltr'>initiaret</span> <span class='ocrx_word' id='word_1_67' title='bbox 1112 1466 1472 1553; x_wconf 58' lang='lat' dir='ltr'>manutentionem,</span> <span class='ocrx_word' id='word_1_68' title='bbox 1504 1468 1759 1562; x_wconf 74' lang='lat' dir='ltr'>refellendumqiee</span> <span class='ocrx_word' id='word_1_69' title='bbox 1783 1469 1908 1540; x_wconf 78' lang='lat' dir='ltr'>tabulas</span> 
     </span>
     <span class='ocr_line' id='line_1_10' title="bbox 723 1561 1905 1662; baseline -0.004 -23"><span class='ocrx_word' id='word_1_70' title='bbox 723 1565 905 1662; x_wconf 68' lang='lat' dir='ltr'>qeoellnriem</span> <span class='ocrx_word' id='word_1_71' title='bbox 922 1563 1082 1660; x_wconf 85' lang='lat' dir='ltr'>ejnsinnili.</span> <span class='ocrx_word' id='word_1_72' title='bbox 1108 1563 1178 1660; x_wconf 78' lang='lat' dir='ltr'>Qui</span> <span class='ocrx_word' id='word_1_73' title='bbox 1194 1563 1266 1634; x_wconf 81' lang='lat' dir='ltr'>veel</span> <span class='ocrx_word' id='word_1_74' title='bbox 1276 1584 1332 1654; x_wconf 85' lang='lat' dir='ltr'>per</span> <span class='ocrx_word' id='word_1_75' title='bbox 1344 1564 1546 1634; x_wconf 85' lang='lat' dir='ltr'>Hannoniani</span> <span class='ocrx_word' id='word_1_76' title='bbox 1554 1563 1772 1638; x_wconf 79' lang='lat' dir='ltr'>Rationalem</span> <span class='ocrx_word' id='word_1_77' title='bbox 1786 1561 1905 1657; x_wconf 73' lang='lat' dir='ltr'>efflei,</span> 
     </span>
     <span class='ocr_line' id='line_1_11' title="bbox 722 1656 1905 1747; baseline -0.003 -14"><span class='ocrx_word' id='word_1_78' title='bbox 722 1667 749 1733; x_wconf 86' lang='lat' dir='ltr'>ii</span> <span class='ocrx_word' id='word_1_79' title='bbox 762 1683 822 1732; x_wconf 83' lang='lat' dir='ltr'>non</span> <span class='ocrx_word' id='word_1_80' title='bbox 838 1661 886 1732; x_wconf 83' lang='lat' dir='ltr'>lii</span> <span class='ocrx_word' id='word_1_81' title='bbox 901 1659 1118 1743; x_wconf 83' lang='lat' dir='ltr'>Nevemniels,</span> <span class='ocrx_word' id='word_1_82' title='bbox 1135 1656 1194 1747; x_wconf 82' lang='lat' dir='ltr'>sed</span> <span class='ocrx_word' id='word_1_83' title='bbox 1208 1656 1316 1746; x_wconf 78' lang='lat' dir='ltr'>quibes</span> <span class='ocrx_word' id='word_1_84' title='bbox 1334 1659 1552 1744; x_wconf 80' lang='lat' dir='ltr'>consueverant</span> <span class='ocrx_word' id='word_1_85' title='bbox 1564 1706 1575 1742; x_wconf 88' lang='lat'><strong>,</strong></span> <span class='ocrx_word' id='word_1_86' title='bbox 1587 1662 1716 1728; x_wconf 78' lang='lat' dir='ltr'>rationes</span> <span class='ocrx_word' id='word_1_87' title='bbox 1732 1663 1905 1730; x_wconf 69' lang='lat' dir='ltr'>redderent.</span> 
     </span>
     <span class='ocr_line' id='line_1_12' title="bbox 773 1748 1911 1859; baseline -0.002 -32"><span class='ocrx_word' id='word_1_88' title='bbox 773 1755 893 1848; x_wconf 87' lang='lat' dir='ltr'>Atque</span> <span class='ocrx_word' id='word_1_89' title='bbox 906 1775 990 1826; x_wconf 89' lang='lat' dir='ltr'>ecce</span> <span class='ocrx_word' id='word_1_90' title='bbox 1007 1751 1177 1859; x_wconf 80' lang='lat' dir='ltr'>originem</span> <span class='ocrx_word' id='word_1_91' title='bbox 1204 1748 1362 1820; x_wconf 84' lang='lat' dir='ltr'>Camerae</span> <span class='ocrx_word' id='word_1_92' title='bbox 1378 1749 1567 1824; x_wconf 81' lang='lat' dir='ltr'>Rationalis</span> <span class='ocrx_word' id='word_1_93' title='bbox 1588 1749 1807 1836; x_wconf 83' lang='lat' dir='ltr'>Hollandiae,</span> <span class='ocrx_word' id='word_1_94' title='bbox 1832 1751 1911 1825; x_wconf 85' lang='lat' dir='ltr'>Ha·</span> 
     </span>
     <span class='ocr_line' id='line_1_13' title="bbox 749 1845 1913 1940; baseline -0.003 -16"><span class='ocrx_word' id='word_1_95' title='bbox 749 1847 971 1924; x_wconf 51' lang='lat' dir='ltr'>*Comitum</span> <span class='ocrx_word' id='word_1_96' title='bbox 998 1845 1163 1918; x_wconf 87' lang='lat' dir='ltr'>institutae</span> <span class='ocrx_word' id='word_1_97' title='bbox 1177 1893 1190 1930; x_wconf 92' lang='lat'>,</span> <span class='ocrx_word' id='word_1_98' title='bbox 1225 1866 1302 1938; x_wconf 86' lang='lat' dir='ltr'>quae</span> <span class='ocrx_word' id='word_1_99' title='bbox 1326 1847 1437 1940; x_wconf 83' lang='lat' dir='ltr'>vulgo</span> <span class='ocrx_word' id='word_1_100' title='bbox 1463 1847 1555 1919; x_wconf 71' lang='lat' dir='ltr'>dista</span> <span class='ocrx_word' id='word_1_101' title='bbox 1584 1845 1652 1918; x_wconf 84' lang='lat' dir='ltr'>fuit</span> <span class='ocrx_word' id='word_1_102' title='bbox 1679 1845 1731 1918; x_wconf 88' lang='lat' dir='ltr'>La</span> <span class='ocrx_word' id='word_1_103' title='bbox 1757 1849 1913 1920; x_wconf 77' lang='lat' dir='ltr'>clamere</span> 
     </span>
     <span class='ocr_line' id='line_1_14' title="bbox 723 1873 1909 2039; baseline -0.001 -23"><span class='ocrx_word' id='word_1_104' title='bbox 723 1873 778 2016; x_wconf 53' lang='lat' dir='ltr'>{es</span> <span class='ocrx_word' id='word_1_105' title='bbox 800 1945 937 2036; x_wconf 81' lang='lat' dir='ltr'>Cempees</span> <span class='ocrx_word' id='word_1_106' title='bbox 961 1941 999 2012; x_wconf 83' lang='lat' dir='ltr'>ele</span> <span class='ocrx_word' id='word_1_107' title='bbox 1021 1942 1052 2012; x_wconf 85' lang='lat' dir='ltr'>ln</span> <span class='ocrx_word' id='word_1_108' title='bbox 1071 1939 1184 2036; x_wconf 80' lang='lat' dir='ltr'>Heye,</span> <span class='ocrx_word' id='word_1_109' title='bbox 1216 1941 1275 2012; x_wconf 89' lang='lat' dir='ltr'>vel</span> <span class='ocrx_word' id='word_1_110' title='bbox 1298 1941 1399 2015; x_wconf 84' lang='lat' dir='ltr'>etiam</span> <span class='ocrx_word' id='word_1_111' title='bbox 1424 1945 1476 2012; x_wconf 89' lang='lat' dir='ltr'>La</span> <span class='ocrx_word' id='word_1_112' title='bbox 1502 1942 1651 2016; x_wconf 77' lang='lat' dir='ltr'><em>chambre</em></span> <span class='ocrx_word' id='word_1_113' title='bbox 1673 1943 1711 2014; x_wconf 85' lang='lat' dir='ltr'>de</span> <span class='ocrx_word' id='word_1_114' title='bbox 1733 1941 1765 2013; x_wconf 86' lang='lat' dir='ltr'>la</span> <span class='ocrx_word' id='word_1_115' title='bbox 1790 1943 1909 2039; x_wconf 76' lang='lat' dir='ltr'>Hnye,</span> 
     </span>
     <span class='ocr_line' id='line_1_15' title="bbox 725 2031 1913 2122; baseline 0 -10"><span class='ocrx_word' id='word_1_116' title='bbox 725 2038 771 2112; x_wconf 87' lang='lat' dir='ltr'>ad</span> <span class='ocrx_word' id='word_1_117' title='bbox 793 2035 1045 2112; x_wconf 72' lang='lat' dir='ltr'>distinctionem</span> <span class='ocrx_word' id='word_1_118' title='bbox 1065 2033 1197 2108; x_wconf 88' lang='lat' dir='ltr'>scilicet</span> <span class='ocrx_word' id='word_1_119' title='bbox 1223 2033 1383 2107; x_wconf 86' lang='lat' dir='ltr'>Camerae</span> <span class='ocrx_word' id='word_1_120' title='bbox 1410 2031 1602 2111; x_wconf 83' lang='lat' dir='ltr'>Rationalis</span> <span class='ocrx_word' id='word_1_121' title='bbox 1624 2034 1825 2122; x_wconf 72' lang='lat' dir='ltr'>insulensis,</span> <span class='ocrx_word' id='word_1_122' title='bbox 1862 2035 1913 2113; x_wconf 84' lang='lat' dir='ltr'>di·</span> 
     </span>
     <span class='ocr_line' id='line_1_16' title="bbox 726 2130 1912 2242; baseline 0 -36"><span class='ocrx_word' id='word_1_123' title='bbox 726 2133 793 2207; x_wconf 76' lang='lat' dir='ltr'>tiae</span> <span class='ocrx_word' id='word_1_124' title='bbox 818 2139 870 2205; x_wconf 81' lang='lat' dir='ltr'>La</span> <span class='ocrx_word' id='word_1_125' title='bbox 899 2132 1051 2204; x_wconf 79' lang='lat' dir='ltr'><em>chambre</em></span> <span class='ocrx_word' id='word_1_126' title='bbox 1073 2130 1111 2202; x_wconf 84' lang='lat' dir='ltr'>le</span> <span class='ocrx_word' id='word_1_127' title='bbox 1133 2131 1237 2217; x_wconf 86' lang='lat' dir='ltr'>Lille,</span> <span class='ocrx_word' id='word_1_128' title='bbox 1271 2132 1608 2242; x_wconf 23' lang='lat' dir='ltr'>antetquadraginta</span> <span class='ocrx_word' id='word_1_129' title='bbox 1641 2155 1749 2206; x_wconf 80' lang='lat' dir='ltr'>annos</span> <span class='ocrx_word' id='word_1_130' title='bbox 1780 2134 1912 2208; x_wconf 87' lang='lat' dir='ltr'>institn-</span> 
     </span>
     <span class='ocr_line' id='line_1_17' title="bbox 725 2223 1913 2434; baseline 0.002 -38"><span class='ocrx_word' id='word_1_131' title='bbox 725 2227 1288 2431; x_wconf 59' lang='lat' dir='ltr'>tinitllllllillilli</span> <span class='ocrx_word' id='word_1_132' title='bbox 1313 2223 1913 2434; x_wconf 58' lang='lat' dir='ltr'>lielllioistilsliei&#39;linilss</span> 
     </span>
     <span class='ocr_line' id='line_1_18' title="bbox 725 2415 1919 2524; baseline 0.001 -33"><span class='ocrx_word' id='word_1_133' title='bbox 725 2415 922 2491; x_wconf 79' lang='lat' dir='ltr'>Rationalis</span> <span class='ocrx_word' id='word_1_134' title='bbox 947 2416 1147 2488; x_wconf 86' lang='lat' dir='ltr'>Hollandiae</span> <span class='ocrx_word' id='word_1_135' title='bbox 1178 2418 1398 2508; x_wconf 86' lang='lat' dir='ltr'>cognitione,</span> <span class='ocrx_word' id='word_1_136' title='bbox 1435 2423 1493 2491; x_wconf 88' lang='lat' dir='ltr'>vel</span> <span class='ocrx_word' id='word_1_137' title='bbox 1518 2417 1543 2487; x_wconf 83' lang='lat' dir='ltr'>ii</span> <span class='ocrx_word' id='word_1_138' title='bbox 1565 2422 1648 2524; x_wconf 38' lang='lat'>§³1⁸5</span> <span class='ocrx_word' id='word_1_139' title='bbox 1665 2418 1919 2524; x_wconf 69' lang='lat' dir='ltr'>Jnriadiittnne</span> 
     </span>
     <span class='ocr_line' id='line_1_19' title="bbox 726 2507 1918 2681; baseline -0.002 -93"><span class='ocrx_word' id='word_1_140' title='bbox 726 2509 904 2681; x_wconf 43' lang='lat' dir='ltr'>ghisone)</span> <span class='ocrx_word' id='word_1_141' title='bbox 927 2511 1118 2602; x_wconf 78' lang='lat' dir='ltr'>excipiatur</span> <span class='ocrx_word' id='word_1_142' title='bbox 1136 2507 1333 2582; x_wconf 85' lang='lat' dir='ltr'>Hannonia.</span> <span class='ocrx_word' id='word_1_143' title='bbox 1381 2507 1459 2580; x_wconf 86' lang='lat' dir='ltr'>Hic</span> <span class='ocrx_word' id='word_1_144' title='bbox 1473 2531 1545 2582; x_wconf 89' lang='lat' dir='ltr'>non</span> <span class='ocrx_word' id='word_1_145' title='bbox 1563 2513 1731 2584; x_wconf 76' lang='lat' dir='ltr'>inutiliter</span> <span class='ocrx_word' id='word_1_146' title='bbox 1756 2515 1918 2588; x_wconf 84' lang='lat' dir='ltr'>audietur</span> 
     </span>
     <span class='ocr_line' id='line_1_20' title="bbox 759 2601 1489 2700; baseline -0.003 -20"><span class='ocrx_word' id='word_1_147' title='bbox 759 2609 929 2695; x_wconf 80' lang='lat' dir='ltr'>nathinaei,</span> <span class='ocrx_word' id='word_1_148' title='bbox 955 2603 1055 2700; x_wconf 84' lang='lat' dir='ltr'><strong>cujus</strong></span> <span class='ocrx_word' id='word_1_149' title='bbox 1076 2603 1183 2678; x_wconf 84' lang='lat' dir='ltr'>verba</span> <span class='ocrx_word' id='word_1_150' title='bbox 1198 2601 1354 2699; x_wconf 87' lang='lat' dir='ltr'>subjicio.</span> <span class='ocrx_word' id='word_1_151' title='bbox 1379 2601 1489 2700; x_wconf 80' lang='lat'><strong>(34).</strong></span> 
     </span>
    </p>
   </div>
   <div class='ocr_carea' id='block_1_5' title="bbox 1821 2700 1919 2780">
    <p class='ocr_par' dir='ltr' id='par_1_5' title="bbox 1821 2700 1919 2780">
     <span class='ocr_line' id='line_1_21' title="bbox 1821 2700 1919 2780; baseline 0.061 -6"><span class='ocrx_word' id='word_1_152' title='bbox 1821 2700 1919 2780; x_wconf 87' lang='lat' dir='ltr'>Ano·</span> 
     </span>
    </p>
   </div>
   <div class='ocr_carea' id='block_1_6' title="bbox 726 2817 1917 3654">
    <p class='ocr_par' dir='ltr' id='par_1_6' title="bbox 726 2817 1917 3490">
     <span class='ocr_line' id='line_1_22' title="bbox 726 2817 1917 2906; baseline 0 -14"><span class='ocrx_word' id='word_1_153' title='bbox 726 2823 773 2892; x_wconf 87' lang='lat' dir='ltr'>de</span> <span class='ocrx_word' id='word_1_154' title='bbox 799 2835 855 2888; x_wconf 90' lang='lat' dir='ltr'>tot</span> <span class='ocrx_word' id='word_1_155' title='bbox 875 2819 1015 2889; x_wconf 87' lang='lat' dir='ltr'>Vieede</span> <span class='ocrx_word' id='word_1_156' title='bbox 1017 2867 1154 2890; x_wconf 90' lang='grc'><strong>.....</strong></span> <span class='ocrx_word' id='word_1_157' title='bbox 1173 2818 1270 2886; x_wconf 87' lang='lat' dir='ltr'>Ende</span> <span class='ocrx_word' id='word_1_158' title='bbox 1303 2817 1360 2888; x_wconf 87' lang='lat' dir='ltr'>dle</span> <span class='ocrx_word' id='word_1_159' title='bbox 1387 2817 1638 2906; x_wconf 83' lang='lat' dir='ltr'>reeclienlnghe</span> <span class='ocrx_word' id='word_1_160' title='bbox 1667 2839 1738 2890; x_wconf 84' lang='lat' dir='ltr'>ven</span> <span class='ocrx_word' id='word_1_161' title='bbox 1767 2823 1834 2891; x_wconf 82' lang='lat' dir='ltr'>alle</span> <span class='ocrx_word' id='word_1_162' title='bbox 1858 2823 1917 2894; x_wconf 86' lang='lat' dir='ltr'>die</span> 
     </span>
     <span class='ocr_line' id='line_1_23' title="bbox 727 2901 1915 2989; baseline 0.004 -19"><span class='ocrx_word' id='word_1_163' title='bbox 727 2905 968 2989; x_wconf 86' lang='lat' dir='ltr'>Amptluyden</span> <span class='ocrx_word' id='word_1_164' title='bbox 987 2905 1077 2971; x_wconf 89' lang='lat' dir='ltr'>ende</span> <span class='ocrx_word' id='word_1_165' title='bbox 1092 2901 1341 2986; x_wconf 87' lang='lat' dir='ltr'>Dienstlnyden</span> <span class='ocrx_word' id='word_1_166' title='bbox 1358 2921 1426 2970; x_wconf 90' lang='lat' dir='ltr'>van</span> <span class='ocrx_word' id='word_1_167' title='bbox 1458 2905 1642 2981; x_wconf 87' lang='lat' dir='ltr'>Hollandt,</span> <span class='ocrx_word' id='word_1_168' title='bbox 1661 2924 1730 2973; x_wconf 84' lang='lat' dir='ltr'>van</span> <span class='ocrx_word' id='word_1_169' title='bbox 1749 2906 1915 2976; x_wconf 88' lang='lat' dir='ltr'>Zeeliindt</span> 
     </span>
     <span class='ocr_line' id='line_1_24' title="bbox 729 2985 1915 3058; baseline 0.003 -4"><span class='ocrx_word' id='word_1_170' title='bbox 729 2987 818 3054; x_wconf 85' lang='lat' dir='ltr'>ende</span> <span class='ocrx_word' id='word_1_171' title='bbox 833 3003 902 3052; x_wconf 79' lang='lat' dir='ltr'>ven</span> <span class='ocrx_word' id='word_1_172' title='bbox 917 2985 1109 3054; x_wconf 85' lang='lat' dir='ltr'>Vriessandt</span> <span class='ocrx_word' id='word_1_173' title='bbox 1129 2986 1252 3053; x_wconf 87' lang='lat' dir='ltr'>mitten</span> <span class='ocrx_word' id='word_1_174' title='bbox 1276 2987 1511 3056; x_wconf 88' lang='lat' dir='ltr'>toebehooien</span> <span class='ocrx_word' id='word_1_175' title='bbox 1539 2987 1585 3054; x_wconf 86' lang='lat' dir='ltr'>sal</span> <span class='ocrx_word' id='word_1_176' title='bbox 1605 3005 1685 3056; x_wconf 88' lang='lat' dir='ltr'>men</span> <span class='ocrx_word' id='word_1_177' title='bbox 1710 2989 1803 3056; x_wconf 91' lang='lat' dir='ltr'>doen</span> <span class='ocrx_word' id='word_1_178' title='bbox 1823 3009 1915 3058; x_wconf 83' lang='lat' dir='ltr'>voni·</span> 
     </span>
     <span class='ocr_line' id='line_1_25' title="bbox 729 3068 1916 3156; baseline 0.005 -20"><span class='ocrx_word' id='word_1_179' title='bbox 729 3071 799 3136; x_wconf 89' lang='lat' dir='ltr'>den</span> <span class='ocrx_word' id='word_1_180' title='bbox 816 3086 926 3154; x_wconf 87' lang='lat' dir='ltr'>negen</span> <span class='ocrx_word' id='word_1_181' title='bbox 944 3068 1078 3139; x_wconf 81' lang='lat' dir='ltr'>voorsn.</span> <span class='ocrx_word' id='word_1_182' title='bbox 1097 3069 1187 3137; x_wconf 89' lang='lat' dir='ltr'>ende</span> <span class='ocrx_word' id='word_1_183' title='bbox 1206 3071 1288 3137; x_wconf 81' lang='lat' dir='ltr'>daei</span> <span class='ocrx_word' id='word_1_184' title='bbox 1310 3068 1416 3136; x_wconf 88' lang='lat' dir='ltr'>iullen</span> <span class='ocrx_word' id='word_1_185' title='bbox 1438 3072 1486 3156; x_wconf 85' lang='lat' dir='ltr'>by</span> <span class='ocrx_word' id='word_1_186' title='bbox 1511 3084 1660 3156; x_wconf 85' lang='lat' dir='ltr'>moogen</span> <span class='ocrx_word' id='word_1_187' title='bbox 1680 3072 1838 3152; x_wconf 65' lang='lat' dir='ltr'>mesen,</span> <span class='ocrx_word' id='word_1_188' title='bbox 1856 3074 1916 3142; x_wconf 83' lang='lat' dir='ltr'>nie</span> 
     </span>
     <span class='ocr_line' id='line_1_26' title="bbox 728 3151 1916 3324; baseline 0.006 -24"><span class='ocrx_word' id='word_1_189' title='bbox 728 3151 1135 3302; x_wconf 66' lang='lat' dir='ltr'>lisltitilliilli</span> <span class='ocrx_word' id='word_1_190' title='bbox 1153 3151 1533 3322; x_wconf 55' lang='lat' dir='ltr'>teilillssetisfflffl’</span> <span class='ocrx_word' id='word_1_191' title='bbox 1555 3155 1916 3324; x_wconf 58' lang='lat' dir='ltr'>‘’mliitltliiti&#39;</span> 
     </span>
     <span class='ocr_line' id='line_1_27' title="bbox 728 3315 1917 3404; baseline 0.007 -20"><span class='ocrx_word' id='word_1_192' title='bbox 728 3319 792 3400; x_wconf 87' lang='lat' dir='ltr'>luy</span> <span class='ocrx_word' id='word_1_193' title='bbox 818 3333 861 3385; x_wconf 92' lang='lat' dir='ltr'>eii</span> <span class='ocrx_word' id='word_1_194' title='bbox 886 3318 977 3384; x_wconf 91' lang='lat' dir='ltr'>ende</span> <span class='ocrx_word' id='word_1_195' title='bbox 1010 3315 1260 3401; x_wconf 83' lang='lat' dir='ltr'>Dienllluyden</span> <span class='ocrx_word' id='word_1_196' title='bbox 1290 3336 1357 3384; x_wconf 83' lang='lat' dir='ltr'>van</span> <span class='ocrx_word' id='word_1_197' title='bbox 1386 3320 1660 3404; x_wconf 83' lang='lat' dir='ltr'>Heenegoiiwen</span> <span class='ocrx_word' id='word_1_198' title='bbox 1687 3321 1795 3388; x_wconf 86' lang='lat' dir='ltr'>sniien</span> <span class='ocrx_word' id='word_1_199' title='bbox 1820 3325 1917 3393; x_wconf 83' lang='lat' dir='ltr'>haine</span> 
     </span>
     <span class='ocr_line' id='line_1_28' title="bbox 730 3400 1915 3490; baseline 0.005 -22"><span class='ocrx_word' id='word_1_200' title='bbox 730 3401 987 3490; x_wconf 81' lang='lat' dir='ltr'>ieeclieninghe</span> <span class='ocrx_word' id='word_1_201' title='bbox 1003 3400 1094 3466; x_wconf 86' lang='lat' dir='ltr'>doen</span> <span class='ocrx_word' id='word_1_202' title='bbox 1106 3418 1197 3465; x_wconf 81' lang='lat' dir='ltr'>voni</span> <span class='ocrx_word' id='word_1_203' title='bbox 1213 3401 1281 3468; x_wconf 88' lang='lat' dir='ltr'>den</span> <span class='ocrx_word' id='word_1_204' title='bbox 1294 3417 1428 3486; x_wconf 83' lang='lat' dir='ltr'>geenen</span> <span class='ocrx_word' id='word_1_205' title='bbox 1446 3405 1528 3470; x_wconf 86' lang='lat' dir='ltr'>daan</span> <span class='ocrx_word' id='word_1_206' title='bbox 1538 3403 1598 3471; x_wconf 81' lang='lat' dir='ltr'>ilat</span> <span class='ocrx_word' id='word_1_207' title='bbox 1612 3407 1794 3488; x_wconf 81' lang='lat' dir='ltr'>gewnonel</span> <span class='ocrx_word' id='word_1_208' title='bbox 1820 3409 1864 3472; x_wconf 83' lang='lat' dir='ltr'>ck</span> <span class='ocrx_word' id='word_1_209' title='bbox 1875 3407 1915 3474; x_wconf 70' lang='lat' dir='ltr'>ia</span> 
     </span>
    </p>

    <p class='ocr_par' dir='ltr' id='par_1_7' title="bbox 731 3481 1916 3654">
     <span class='ocr_line' id='line_1_29' title="bbox 775 3481 1916 3574; baseline 0.011 -28"><span class='ocrx_word' id='word_1_210' title='bbox 775 3485 815 3568; x_wconf 84' lang='lat'>(3</span> <span class='ocrx_word' id='word_1_211' title='bbox 880 3481 1158 3566; x_wconf 72' lang='lat' dir='ltr'>Hereogeei’ieieps</span> <span class='ocrx_word' id='word_1_212' title='bbox 1171 3481 1450 3565; x_wconf 82' lang='lat' dir='ltr'>vnnBoiergoegeie‚</span> <span class='ocrx_word' id='word_1_213' title='bbox 1472 3485 1656 3570; x_wconf 83' lang='lat' dir='ltr'>gewerden</span> <span class='ocrx_word' id='word_1_214' title='bbox 1669 3489 1784 3574; x_wconf 76' lang='lat' dir='ltr'>zynde</span> <span class='ocrx_word' id='word_1_215' title='bbox 1814 3489 1916 3558; x_wconf 69' lang='lat' dir='ltr'>&#39;rave</span> 
     </span>
     <span class='ocr_line' id='line_1_30' title="bbox 731 3565 1916 3654; baseline 0.008 -24"><span class='ocrx_word' id='word_1_216' title='bbox 731 3581 801 3632; x_wconf 84' lang='lat' dir='ltr'>van</span> <span class='ocrx_word' id='word_1_217' title='bbox 855 3565 981 3641; x_wconf 86' lang='lat' dir='ltr'>ollant,</span> <span class='ocrx_word' id='word_1_218' title='bbox 1001 3565 1096 3632; x_wconf 82' lang='lat' dir='ltr'>heeft</span> <span class='ocrx_word' id='word_1_219' title='bbox 1116 3568 1207 3631; x_wconf 84' lang='lat' dir='ltr'>noch</span> <span class='ocrx_word' id='word_1_220' title='bbox 1222 3567 1402 3649; x_wconf 87' lang='lat' dir='ltr'>inghestelt</span> <span class='ocrx_word' id='word_1_221' title='bbox 1416 3569 1452 3634; x_wconf 91' lang='lat' dir='ltr'>in</span> <span class='ocrx_word' id='word_1_222' title='bbox 1470 3573 1538 3635; x_wconf 87' lang='lat' dir='ltr'>den</span> <span class='ocrx_word' id='word_1_223' title='bbox 1557 3568 1696 3654; x_wconf 81' lang='lat' dir='ltr'>Hnghe,</span> <span class='ocrx_word' id='word_1_224' title='bbox 1718 3587 1782 3638; x_wconf 88' lang='lat' dir='ltr'>een</span> <span class='ocrx_word' id='word_1_225' title='bbox 1797 3571 1916 3639; x_wconf 88' lang='lat' dir='ltr'>Colle·</span> 
     </span>
    </p>
   </div>
   <div class='ocr_carea' id='block_1_7' title="bbox 731 3658 1918 3825">
    <p class='ocr_par' dir='ltr' id='par_1_8' title="bbox 731 3658 1918 3825">
     <span class='ocr_line' id='line_1_31' title="bbox 731 3658 1918 3744; baseline 0.011 -21"><span class='ocrx_word' id='word_1_226' title='bbox 731 3658 790 3742; x_wconf 82' lang='lat' dir='ltr'>gie</span> <span class='ocrx_word' id='word_1_227' title='bbox 809 3675 877 3724; x_wconf 82' lang='lat' dir='ltr'>vnn</span> <span class='ocrx_word' id='word_1_228' title='bbox 897 3658 992 3728; x_wconf 85' lang='lat' dir='ltr'>seker</span> <span class='ocrx_word' id='word_1_229' title='bbox 1010 3661 1099 3743; x_wconf 82' lang='lat' dir='ltr'>getel</span> <span class='ocrx_word' id='word_1_230' title='bbox 1125 3676 1192 3724; x_wconf 81' lang='lat' dir='ltr'>van</span> <span class='ocrx_word' id='word_1_231' title='bbox 1224 3661 1436 3744; x_wconf 84' lang='lat' dir='ltr'>personnen,</span> <span class='ocrx_word' id='word_1_232' title='bbox 1456 3661 1594 3730; x_wconf 89' lang='lat' dir='ltr'>diemen</span> <span class='ocrx_word' id='word_1_233' title='bbox 1621 3665 1665 3730; x_wconf 91' lang='lat' dir='ltr'>de</span> <span class='ocrx_word' id='word_1_234' title='bbox 1683 3663 1848 3732; x_wconf 82' lang='lat' dir='ltr'>Meesters</span> <span class='ocrx_word' id='word_1_235' title='bbox 1871 3661 1918 3736; x_wconf 76' lang='lat' dir='ltr'>en</span> 
     </span>
     <span class='ocr_line' id='line_1_32' title="bbox 733 3741 1916 3825; baseline 0.009 -17"><span class='ocrx_word' id='word_1_236' title='bbox 733 3741 898 3808; x_wconf 66' lang='lat' dir='ltr'>:innitentes</span> <span class='ocrx_word' id='word_1_237' title='bbox 912 3759 978 3808; x_wconf 82' lang='lat' dir='ltr'>van</span> <span class='ocrx_word' id='word_1_238' title='bbox 993 3743 1037 3808; x_wconf 90' lang='lat' dir='ltr'>de</span> <span class='ocrx_word' id='word_1_239' title='bbox 1049 3741 1267 3825; x_wconf 84' lang='lat' dir='ltr'>Rekeningen</span> <span class='ocrx_word' id='word_1_240' title='bbox 1282 3759 1425 3820; x_wconf 87' lang='lat' dir='ltr'>nnemt,</span> <span class='ocrx_word' id='word_1_241' title='bbox 1444 3745 1502 3810; x_wconf 88' lang='lat' dir='ltr'>die</span> <span class='ocrx_word' id='word_1_242' title='bbox 1523 3747 1582 3812; x_wconf 91' lang='lat' dir='ltr'>het</span> <span class='ocrx_word' id='word_1_243' title='bbox 1601 3745 1749 3823; x_wconf 86' lang='lat' dir='ltr'>bewint‚</span> <span class='ocrx_word' id='word_1_244' title='bbox 1771 3748 1916 3820; x_wconf 87' lang='lat' dir='ltr'>toelicht</span> 
     </span>
    </p>
   </div>
   <div class='ocr_carea' id='block_1_8' title="bbox 733 3831 1917 3923">
    <p class='ocr_par' dir='ltr' id='par_1_9' title="bbox 733 3831 1917 3923">
     <span class='ocr_line' id='line_1_33' title="bbox 733 3831 1917 3923; baseline 0.005 -19"><span class='ocrx_word' id='word_1_245' title='bbox 733 3831 780 3904; x_wconf 64' lang='lat' dir='ltr'>‘fn</span> <span class='ocrx_word' id='word_1_246' title='bbox 796 3837 977 3923; x_wconf 75' lang='lat' dir='ltr'>jurildiliie</span> <span class='ocrx_word' id='word_1_247' title='bbox 996 3836 1124 3906; x_wconf 87' lang='lat' dir='ltr'>snuden</span> <span class='ocrx_word' id='word_1_248' title='bbox 1144 3836 1296 3916; x_wconf 89' lang='lat' dir='ltr'>hebben,</span> <span class='ocrx_word' id='word_1_249' title='bbox 1316 3841 1450 3907; x_wconf 86' lang='lat' dir='ltr'>vander</span> <span class='ocrx_word' id='word_1_250' title='bbox 1467 3841 1604 3910; x_wconf 83' lang='lat' dir='ltr'>Graven</span> <span class='ocrx_word' id='word_1_251' title='bbox 1620 3861 1687 3911; x_wconf 88' lang='lat' dir='ltr'>van</span> <span class='ocrx_word' id='word_1_252' title='bbox 1704 3840 1848 3913; x_wconf 89' lang='lat' dir='ltr'>Hollant</span> <span class='ocrx_word' id='word_1_253' title='bbox 1862 3845 1917 3910; x_wconf 89' lang='lat' dir='ltr'>in·</span> 
     </span>
    </p>
   </div>
   <div class='ocr_carea' id='block_1_9' title="bbox 729 3931 1920 4361">
    <p class='ocr_par' dir='ltr' id='par_1_10' title="bbox 729 3931 1920 4361">
     <span class='ocr_line' id='line_1_34' title="bbox 732 3931 1917 4023; baseline 0.008 -23"><span class='ocrx_word' id='word_1_254' title='bbox 732 3948 879 4008; x_wconf 85' lang='lat' dir='ltr'>comen,</span> <span class='ocrx_word' id='word_1_255' title='bbox 900 3931 1083 4010; x_wconf 86' lang='lat' dir='ltr'>thienden,</span> <span class='ocrx_word' id='word_1_256' title='bbox 1104 3933 1302 4017; x_wconf 87' lang='lat' dir='ltr'>domeynen</span> <span class='ocrx_word' id='word_1_257' title='bbox 1322 3933 1375 4000; x_wconf 76' lang='lat' dir='ltr'>e‘n&#39;</span> <span class='ocrx_word' id='word_1_258' title='bbox 1391 3937 1517 4002; x_wconf 83' lang='lat' dir='ltr'>andere</span> <span class='ocrx_word' id='word_1_259' title='bbox 1539 3935 1858 4023; x_wconf 83' lang='lat' dir='ltr'>Gerechtigheden,</span> <span class='ocrx_word' id='word_1_260' title='bbox 1871 3941 1917 4010; x_wconf 77' lang='grc' dir='ltr'>Εῑι</span> 
     </span>
     <span class='ocr_line' id='line_1_35' title="bbox 733 4013 1920 4104; baseline 0.01 -24"><span class='ocrx_word' id='word_1_261' title='bbox 733 4035 823 4082; x_wconf 85' lang='lat' dir='ltr'>voni</span> <span class='ocrx_word' id='word_1_262' title='bbox 842 4013 1019 4081; x_wconf 86' lang='lat' dir='ltr'>dewelclie</span> <span class='ocrx_word' id='word_1_263' title='bbox 1040 4016 1083 4080; x_wconf 91' lang='lat' dir='ltr'>de</span> <span class='ocrx_word' id='word_1_264' title='bbox 1104 4015 1352 4085; x_wconf 83' lang='lat' dir='ltr'>Renttneeliers</span> <span class='ocrx_word' id='word_1_265' title='bbox 1380 4036 1446 4084; x_wconf 85' lang='lat' dir='ltr'>van</span> <span class='ocrx_word' id='word_1_266' title='bbox 1465 4021 1729 4102; x_wconf 86' lang='lat' dir='ltr'>Nonrthollant,</span> <span class='ocrx_word' id='word_1_267' title='bbox 1749 4022 1920 4104; x_wconf 86' lang='lat' dir='ltr'>Zuythol·</span> 
     </span>
     <span class='ocr_line' id='line_1_36' title="bbox 729 4097 1917 4181; baseline 0.009 -17"><span class='ocrx_word' id='word_1_268' title='bbox 729 4099 828 4172; x_wconf 86' lang='lat' dir='ltr'>lant,</span> <span class='ocrx_word' id='word_1_269' title='bbox 857 4110 926 4160; x_wconf 85' lang='lat' dir='ltr'>van</span> <span class='ocrx_word' id='word_1_270' title='bbox 958 4097 1198 4173; x_wconf 84' lang='lat' dir='ltr'>Kermeilant,</span> <span class='ocrx_word' id='word_1_271' title='bbox 1224 4117 1291 4165; x_wconf 87' lang='lat' dir='ltr'>van</span> <span class='ocrx_word' id='word_1_272' title='bbox 1320 4101 1457 4179; x_wconf 89' lang='lat' dir='ltr'>Voorn,</span> <span class='ocrx_word' id='word_1_273' title='bbox 1487 4121 1554 4168; x_wconf 89' lang='lat' dir='ltr'>van</span> <span class='ocrx_word' id='word_1_274' title='bbox 1578 4104 1760 4181; x_wconf 88' lang='lat' dir='ltr'>Heusden,</span> <span class='ocrx_word' id='word_1_275' title='bbox 1779 4123 1848 4172; x_wconf 83' lang='lat' dir='ltr'>van</span> <span class='ocrx_word' id='word_1_276' title='bbox 1870 4109 1917 4179; x_wconf 88' lang='lat' dir='ltr'>de</span> 
     </span>
     <span class='ocr_line' id='line_1_37' title="bbox 733 4185 1917 4284; baseline 0.014 -26"><span class='ocrx_word' id='word_1_277' title='bbox 733 4187 976 4262; x_wconf 84' lang='lat' dir='ltr'>wiiderniiren</span> <span class='ocrx_word' id='word_1_278' title='bbox 997 4185 1042 4258; x_wconf 67' lang='lat' dir='ltr'>eii</span> <span class='ocrx_word' id='word_1_279' title='bbox 1058 4193 1207 4271; x_wconf 82' lang='lat' dir='ltr'>andere,</span> <span class='ocrx_word' id='word_1_280' title='bbox 1226 4192 1330 4262; x_wconf 89' lang='lat' dir='ltr'>sonde</span> <span class='ocrx_word' id='word_1_281' title='bbox 1350 4214 1475 4262; x_wconf 87' lang='lat' dir='ltr'>comen</span> <span class='ocrx_word' id='word_1_282' title='bbox 1497 4199 1715 4284; x_wconf 83' lang='lat' dir='ltr'>Relienlchap</span> <span class='ocrx_word' id='word_1_283' title='bbox 1737 4201 1828 4272; x_wconf 89' lang='lat' dir='ltr'>doen</span> <span class='ocrx_word' id='word_1_284' title='bbox 1847 4225 1917 4276; x_wconf 87' lang='lat' dir='ltr'>van</span> 
     </span>
     <span class='ocr_line' id='line_1_38' title="bbox 733 4274 1918 4361; baseline 0.014 -19"><span class='ocrx_word' id='word_1_285' title='bbox 733 4277 839 4342; x_wconf 85' lang='lat' dir='ltr'>haren</span> <span class='ocrx_word' id='word_1_286' title='bbox 866 4274 1010 4360; x_wconf 82' lang='lat' dir='ltr'>ontfang</span> <span class='ocrx_word' id='word_1_287' title='bbox 1029 4275 1117 4344; x_wconf 89' lang='lat' dir='ltr'>ende</span> <span class='ocrx_word' id='word_1_288' title='bbox 1130 4293 1324 4361; x_wconf 85' lang='lat' dir='ltr'>uytgeven,</span> <span class='ocrx_word' id='word_1_289' title='bbox 1346 4281 1393 4346; x_wconf 86' lang='lat' dir='ltr'>als</span> <span class='ocrx_word' id='word_1_290' title='bbox 1413 4282 1514 4348; x_wconf 87' lang='lat' dir='ltr'>mede</span> <span class='ocrx_word' id='word_1_291' title='bbox 1529 4282 1572 4348; x_wconf 88' lang='lat' dir='ltr'>de</span> <span class='ocrx_word' id='word_1_292' title='bbox 1587 4283 1839 4356; x_wconf 83' lang='lat' dir='ltr'>Rentmeesters</span> <span class='ocrx_word' id='word_1_293' title='bbox 1853 4307 1918 4358; x_wconf 80' lang='lat' dir='ltr'>van</span> 
     </span>
    </p>
   </div>
   <div class='ocr_carea' id='block_1_10' title="bbox 731 4357 1922 4548">
    <p class='ocr_par' dir='ltr' id='par_1_11' title="bbox 731 4357 1922 4548">
     <span class='ocr_line' id='line_1_39' title="bbox 732 4357 1922 4456; baseline 0.013 -21"><span class='ocrx_word' id='word_1_294' title='bbox 732 4371 865 4442; x_wconf 78' lang='lat' dir='ltr'>Bevest</span> <span class='ocrx_word' id='word_1_295' title='bbox 879 4357 929 4437; x_wconf 74' lang='lat' dir='ltr'>&#39;e&#39;fi</span> <span class='ocrx_word' id='word_1_296' title='bbox 962 4370 1231 4440; x_wconf 87' lang='lat' dir='ltr'>Beoosteilchelt</span> <span class='ocrx_word' id='word_1_297' title='bbox 1249 4374 1283 4439; x_wconf 92' lang='lat' dir='ltr'>in</span> <span class='ocrx_word' id='word_1_298' title='bbox 1313 4377 1475 4453; x_wconf 85' lang='lat' dir='ltr'>Zeelant,</span> <span class='ocrx_word' id='word_1_299' title='bbox 1503 4395 1546 4443; x_wconf 91' lang='lat' dir='ltr'>en</span> <span class='ocrx_word' id='word_1_300' title='bbox 1572 4381 1720 4448; x_wconf 83' lang='lat' dir='ltr'>namaels</span> <span class='ocrx_word' id='word_1_301' title='bbox 1743 4386 1843 4456; x_wconf 82' lang='lat' dir='ltr'>mede</span> <span class='ocrx_word' id='word_1_302' title='bbox 1859 4385 1922 4456; x_wconf 73' lang='lat' dir='ltr'>die</span> 
     </span>
     <span class='ocr_line' id='line_1_40' title="bbox 731 4452 1757 4548; baseline 0.005 -21"><span class='ocrx_word' id='word_1_303' title='bbox 731 4469 802 4527; x_wconf 77' lang='lat' dir='ltr'>ian</span> <span class='ocrx_word' id='word_1_304' title='bbox 815 4452 981 4530; x_wconf 82' lang='lat' dir='ltr'>Viiessiiit</span> <span class='ocrx_word' id='word_1_305' title='bbox 994 4473 1043 4528; x_wconf 83' lang='lat' dir='ltr'>en</span> <span class='ocrx_word' id='word_1_306' title='bbox 1053 4455 1227 4530; x_wconf 86' lang='lat' dir='ltr'>Wtiecltt.</span> <span class='ocrx_word' id='word_1_307' title='bbox 1266 4455 1449 4535; x_wconf 78' lang='lat' dir='ltr'>Geuelevei</span> <span class='ocrx_word' id='word_1_308' title='bbox 1461 4475 1537 4548; x_wconf 81' lang='lat' dir='ltr'><em>pag.</em></span> <span class='ocrx_word' id='word_1_309' title='bbox 1559 4480 1636 4538; x_wconf 68' lang='lat' dir='ltr'>iio.</span> <span class='ocrx_word' id='word_1_310' title='bbox 1649 4463 1757 4537; x_wconf 53' lang='lat' dir='ltr'>tolia..</span> 
     </span>
    </p>
   </div>
   <div class='ocr_carea' id='block_1_11' title="bbox 0 0 2441 5828">
    <p class='ocr_par' dir='ltr' id='par_1_12' title="bbox 0 0 2441 5828">
     <span class='ocr_line' id='line_1_41' title="bbox 0 0 2441 5828; baseline 0 0"><span class='ocrx_word' id='word_1_311' title='bbox 0 0 2441 5828; x_wconf 95' lang='lat' dir='ltr'> </span> 
     </span>
    </p>
   </div>
  </div>
 </body>
</html>
