4882 5804
676 621 1807 756 rssovrotrrrnnrrrazurorrunr

680 833 736 912 isti
755 833 879 909 merito
906 825 1079 915 habendi,
1102 825 1244 923 quando
1267 843 1450 922 tantopere
1475 822 1616 922 Equitio
1643 851 1704 902 eos
1727 826 1877 905 delediat

683 950 868 1027 agnomen.
916 921 1003 998 Non
1029 947 1121 1020 nego
1137 924 1302 1019 quidem,
1326 920 1541 1017 plebeiorum
1571 923 1751 998 ruminum
1775 944 1877 1022 aeque

664 1024 860 1109 ,laudabile
883 1042 1008 1095 votum
1027 1019 1191 1104 existere,
1217 1019 1366 1092 militant
1390 1019 1522 1114 quippe
1538 1019 1574 1092 δι
1594 1018 1663 1106 illi,
1687 1017 1813 1093 verium
1826 1023 1879 1094 in·
1993 1098 2000 1108 ,

685 1145 742 1197 ter
757 1110 884 1196 milites
904 1114 1100 1190 multisunt
1121 1115 1261 1212 gradus.
1312 1113 1389 1206 Qui
1412 1136 1540 1210 genere
1564 1115 1653 1188 clari
1676 1113 1778 1203 sunt,
1802 1115 1879 1191 bal-

686 1220 826 1299 theum,
851 1235 1032 1309 torquem,
1056 1233 1268 1307 aureumque
1291 1213 1403 1283 calcar
1426 1208 1470 1282 ad
1494 1212 1608 1284 crucis
1634 1209 1779 1308 insignia
1795 1214 1885 1287 reci·

687 1315 822 1410 piunt,
858 1307 896 1382 δι
919 1331 1058 1403 aequum
1080 1308 1156 1393 est,
1187 1329 1228 1380 ut
1252 1307 1313 1402 qui
1338 1327 1464 1403 genere
1480 1306 1518 1381 dt
1533 1307 1665 1381 virtute
1686 1309 1882 1392 excellunt,

690 1409 858 1502 ampliora
886 1425 1028 1501 quoque
1053 1404 1133 1478 inde
1150 1405 1294 1498 praemia
1314 1421 1505 1496 reportent.
1556 1400 1677 1477 Est&
1705 1401 1885 1498 Equestris
1979 1471 1985 1478 .

691 1507 783 1580 ordo
798 1503 950 1597 duplex,
972 1500 1115 1596 quidam
1139 1500 1230 1571 enim
1259 1520 1279 1570 a
1302 1495 1523 1594 Principibus
1549 1496 1615 1571 hac
1639 1499 1809 1596 dignitate
1829 1523 1887 1574 or·

691 1622 840 1686 nantur,
866 1593 906 1669 ἃ
929 1597 1133 1692 plerumque
1159 1593 1208 1668 ob
1234 1593 1393 1666 militaria
1415 1595 1556 1682 merita3
1581 1594 1640 1666 alii
1663 1596 1756 1692 apud
1775 1594 1890 1692 sepul·

670 1703 818 1784 ,chrum
831 1692 994 1778 Domini,
1011 1713 1078 1787 pro
1091 1690 1285 1765 Christiana
1299 1687 1368 1763 fide
1379 1691 1536 1762 militiam
1550 1687 1890 1785 profitentur,'dant·

694 1817 763 1888 que
780 1791 920 1866 nomina
940 1786 999 1861 sur
1016 1781 1178 1860 adversita
1196 1806 1398 1858 communes
1414 1785 1550 1873 hostes,
1574 1808 1725 1881 quorum
1744 1788 1780 1859 in
1804 1810 1889 1862 con·

695 1887 781 1962 sellu
809 1883 882 1970 est,
907 1907 950 1957 eo
977 1883 1178 1978 praeclarius
1201 1875 1267 1956 esse
1288 1902 1436 1968 nomen,
1461 1903 1534 1978 quo
1552 1880 1673 1977 justius
1690 1883 1822 1957 bellum
1850 1882 1890 1958 δι

696 1985 820 2059 militia
836 1977 997 2054 adversius
1017 1975 1224 2051 Christianae
1240 1975 1321 2051 fidei
1347 1973 1486 2064 hostes,
1509 1999 1614 2074 quam
1640 1999 1761 2052 contra
1784 1977 1892 2054 finiti·

696 2103 773 2156 mos
795 2077 948 2174 populos
976 2075 1144 2169 religione
1172 2072 1276 2147 nobis
1301 2071 1586 2160 consentientes,
1622 2074 1660 2149 δι
1691 2093 1824 2149 tantum
1845 2075 1890 2150 de

698 2175 825 2250 finibus
847 2171 1098 2265 disceptantes,
1123 2168 1317 2263 suscipitur.
1369 2168 1675 2263 Quemadmodum
1701 2193 1817 2246 autem
1840 2171 1892 2246 in·

697 2295 753 2348 ter
778 2265 952 2344 honores
971 2266 1096 2338 artium
1116 2267 1157 2340 dc
1181 2263 1437 2360 disciplinarum
1464 2267 1491 2340 ii
1522 2268 1669 2342 maxime
1697 2269 1893 2352 excellunt,

698 2369 763 2464 qui
786 2387 871 2440 vera
895 2359 1127 2460 professione,
1152 2362 1374 2456 docendique
1397 2383 1541 2435 munere
1571 2383 1697 2435 nomen
1723 2365 1793 2436 hoc
1816 2361 1896 2439 suut

701 2461 903 2563 promeriti,
927 2479 998 2530 non
1013 2457 1074 2624 qui
1087 2458 1184 2530 inani
1199 2453 1233 2530 se
1250 2457 1353 2530 titulo
1376 2458 1578 2539 venditant,
1603 2453 1651 2529 lic
1669 2457 1706 2532 dt
1721 2459 1821 2546 illos,
1847 2457 1897 2531 E·

703 2557 848 2656 quesitis
873 2555 1006 2628 militiae
1046 2573 1190 2628 onorem
1213 2551 1348 2646 optimo
1366 2549 1428 2624 srbi
1442 2555 1522 2648 jure
1543 2552 1728 2627 vendicare
1748 2576 1820 2627 non
1846 2550 1897 2630 est

705 2656 872 2741 dubium,
896 2653 959 2748 qui
983 2666 1037 2722 tot
1071 2644 1196 2722 {iustus
1221 2667 1466 2735 contemnere,
1497 2665 1567 2720 tarn
1588 2648 1728 2744 longam
1751 2651 1790 2726 ἃ
1811 2647 1900 2724 diffi·
1963 2739 1964 2742 Ἴ

705 2753 808 2826 ciletn
826 2746 1140 2844 peregrinationem
1160 2743 1248 2817 inire
1271 2764 1342 2816 non
1360 2742 1630 2830 dubitaverunt,
1655 2746 1805 2840 primum
1825 2736 1901 2821 om·

707 2851 805 2922 nium
819 2865 859 2918 ut
878 2847 912 2917 in
932 2837 1129 2916 sanstissrmo
1147 2840 1248 2928 loco,
1263 2839 1326 2913 ubi
1344 2837 1508 2912 steterunt
1527 2841 1636 2934 pedes
1656 2840 1752 2936 ejus,
1776 2839 1902 2916 Domi·

709 2967 793 3018 num
817 2940 1023 3022 adorarent,
1048 2959 1122 3011 turn
1144 2937 1252 3023 verd,
1277 2955 1318 3010 ut
1343 2933 1495 3008 ferarum
1516 2935 1671 3030 gentium
1685 2939 1902 3012 immanium·

735 3063 777 3113 ue
796 3037 942 3111 hostiurn
965 3057 1078 3106 mores
1100 3028 1416 3142 perscrutarentur,
1441 3053 1514 3126 quo
1535 3029 1569 3104 se
1594 3031 1712 3106 Duces
1743 3032 1782 3106 δι
1810 3055 1903 3108 ante·

708 3065 872 3232 signanus
891 3129 1094 3226 prebeant,
1119 3126 1143 3201 li
1168 3129 1308 3220 quaudo
1332 3125 1478 3201 mascula
1506 3128 1564 3199 illa
1582 3130 1715 3218 virtus,
1740 3151 1811 3225 qua
1832 3151 1904 3204 ma·

711 3235 802 3328 jures
822 3228 928 3301 nostri
950 3223 1115 3298 adversus
1135 3222 1365 3320 AEgyptiam‚
1390 3221 1702 3320 Saracenicamque
1724 3226 1838 3314 luem,
1865 3227 1903 3301 ἃ

714 3325 905 3400 Turricatn
927 3320 1099 3396 feritatem
1132 3315 1180 3395 usr
1205 3319 1303 3406 sunt,
1327 3322 1363 3392 in
1388 3319 1491 3394 nobis
1517 3319 1724 3395 renascatur.
1775 3319 1905 3397 Excel-

716 3427 795 3497 lunt
821 3421 929 3516 igitur
951 3418 1040 3488 inter
1067 3416 1194 3490 milites
1221 3417 1245 3488 ii
1270 3416 1332 3511 qui
1350 3411 1513 3511 Equestri
1538 3417 1649 3512 gradu
1667 3419 1780 3491 ornati
1800 3417 1909 3506 sunt,

716 3541 825 3616 atque
843 3519 932 3589 inter
951 3514 1016 3584 hos
1040 3511 1165 3584 iterum
1183 3507 1237 3582 isti
1254 3533 1403 3607 quorum
1416 3534 1474 3601 tu,
1493 3508 1712 3588 Omatili'rme
1723 3513 1909 3604 thltlmt,

716 3637 866 3691 nurnero
882 3605 1044 3685 accensus
1069 3629 1120 3680 es.
1170 3605 1263 3678 Cium
1280 3629 1345 3681 vos
1370 3629 1439 3700 non
1464 3609 1596 3695 modd,
1620 3609 1740 3684 eadem
1766 3610 1912 3709 insignia

632 3753 641 3774 ·
718 3711 927 3803 eosdemque
946 3708 1095 3778 honores
1122 3703 1302 3796 promeriti
1329 3698 1421 3787 fitis,
1445 3702 1504 3777 sed
1530 3707 1634 3778 etiam
1657 3708 1910 3802 peregrinatio·

491 3905 493 3912 Ι
641 3836 645 3844 ’
720 3810 775 3882 nis
795 3799 1037 3899 religionisque
1056 3797 1200 3881 favore,-
1226 3797 1361 3872 caeterls
1377 3800 1639 3894 ptaeponamini.
1690 3799 1797 3878 Drcat
1820 3805 1908 3877 verd

722 3906 784 3996 hic
808 3899 949 3996 aliquis:
974 3897 1080 3969 Tune
1101 3918 1185 3990 ergo
1203 3892 1370 3990 Equitem
1391 3895 1445 3967 vis
1462 3893 1547 3980 elie,
1572 3897 1632 3992 qui
1647 3894 1750 3971 sacris
1769 3899 1913 3973 destina·

724 4017 803 4080 tus,
827 3996 881 4068 vel
907 3994 1059 4066 initiatus
1084 3989 1159 4065 ests
1185 3987 1286 4079 Quid
1305 4011 1487 4064 commune
1514 3991 1808 4070 sacerdotiorum
1826 3997 1915 4069 miliss

724 4093 803 4167 tia?
828 4089 928 4181 Quid
947 4088 1048 4163 sacris
1067 4111 1146 4160 curn
1164 4085 1290 4159 armis?
1315 4085 1396 4170 Scio
1412 4087 1571 4182 equidem
1589 4089 1775 4162 Gratianum
1796 4093 1916 4164 multis

725 4185 996 4264 authoritatibus
1016 4207 1139 4280 agere,
1165 4185 1236 4278 qud
1257 4179 1421 4259 ostendar
1442 4184 1586 4260 Clericie
1614 4183 1830 4258 interdidiam
1849 4181 1917 4260 esse

726 4285 901 4357 militiam:
927 4279 984 4356 sed
1000 4304 1043 4353 an
1059 4277 1292 4353 consentiente
1306 4275 1500 4369 Pontifice,
1523 4279 1625 4352 liceat
1640 4301 1732 4351 arma
1756 4279 1921 4356 adversim

727 4383 893 4452 immanes
911 4373 1026 4450 hostes
1044 4373 1240 4471 suscipere,
1264 4399 1333 4450 non
1358 4396 1465 4450 vocat
1486 4376 1547 4448 ille
1574 4376 1610 4446 in
1636 4375 1921 4454 controversam·

689 4513 709 4526 ν
730 4475 781 4551 At
799 4476 857 4550 hic
878 4474 1073 4550 authoritas
1095 4465 1228 4549 accellit
1256 4472 1460 4574 Apostolica
1480 4468 1631 4550 AEdituo
1656 4471 1836 4572 delegata,
1861 4479 1925 4650 qlqi

1851 4597 1876 4670 g
1910 4614 1924 4631 .
