4742 5814
667 589 1023 724 araurem
1057 613 1124 686 nn
1155 503 1423 685 Arnen
1455 585 1823 690 zurcunnr

676 775 788 852 vll'urn
809 773 859 851 est
877 773 964 848 mihi
984 769 1164 869 pristinam
1180 765 1296 844 rursus
1316 783 1451 843 tentare
1474 766 1588 856 viam,
1613 789 1698 844 num
1713 771 1879 852 videlicet

679 875 767 949 meis
781 874 906 947 litteris
922 889 999 944 tuas
1016 870 1159 944 tandem
1176 867 1364 964 aliquando
1379 887 1504 962 queam
1523 882 1744 964 extorquere.
1768 869 1880 946 Haud

680 973 771 1046 enim
788 969 874 1041 mihi
890 964 1097 1066 persuadere
1115 963 1276 1062 polium,
1299 965 1359 1036 vel
1383 963 1528 1040 omnino
1554 981 1590 1036 te
1616 965 1766 1038 oblitum
1785 969 1879 1056 mei,

680 1067 884 1144 velitatum
907 1061 1012 1149 mihi,
1038 1059 1119 1136 cum
1146 1061 1274 1134 nullius
1300 1058 1387 1132 nihi
1402 1055 1477 1131 ‘l'tm
1499 1059 1614 1155 culpoe
1638 1059 1813 1145 conscius,
1840 1061 1879 1136 δι

683 1161 854 1238 summum
877 1157 953 1257 ipse
980 1159 1107 1233 amoris
1138 1179 1220 1230 era
1250 1176 1286 1230 te
1314 1155 1540 1231 constantiam
1566 1155 1603 1227 in
1638 1157 1735 1232 hunc
1771 1156 1878 1254 usque

682 1263 774 1335 diem
799 1278 874 1354 pree
898 1279 954 1329 me
976 1255 1136 1341 tulerim,
1216 1250 1447 1348 prestiterim.
1493 1248 1596 1340 Quid
1608 1252 1713 1350 igitur
1736 1254 1880 1332 estcau·

681 1355 727 1429 sae
749 1355 847 1452 quod
873 1351 1131 1426 Falconrontrnut
1155 1367 1225 1420 tam
1250 1345 1356 1422 ariiae
1379 1345 1613 1444 fraternaeque
1645 1350 1881 1450 amicitiaejur
2028 1345 2033 1354 ’

678 1451 819 1527 silentio
835 1435 993 1544 relaxat?
1018 1444 1076 1518 An
1092 1443 1195 1520 isthic
1210 1445 1276 1518 tibi
1290 1462 1386 1520 tanta
1409 1446 1568 1540 negotia,
1592 1463 1647 1519 tot
1661 1443 1883 1524 astaineum·

681 1550 797 1624 bunt?
822 1547 871 1620 At
896 1543 965 1618 hoc
983 1539 1079 1618 certe
1100 1561 1263 1640 tempore
1278 1539 1376 1616 feriae
1393 1561 1555 1639 aguntur.
1604 1541 1645 1618 Si
1674 1565 1792 1618 rerum
1816 1568 1884 1644 pu.

517 1667 536 1700 ·
681 1646 873 1729 blicarum,
897 1659 1167 1734 temporumque
1197 1639 1393 1713 nostrorum
1419 1638 1592 1714 miseratio
1615 1661 1652 1714 te
1682 1643 1883 1736 excruciat,

677 1741 750 1838 Jam
774 1735 943 1836 ejusmodi
961 1758 1061 1810 curas
1076 1758 1150 1810 non
1171 1737 1241 1809 alio
1265 1735 1421 1809 remedio
1444 1734 1605 1823 facilius,
1629 1734 1735 1834 quim
1754 1739 1885 1816 amico·

682 1859 760 1912 rum
786 1833 917 1910 mutuis
940 1833 1064 1906 litteris
1087 1830 1210 1916 leniri,
1234 1853 1306 1904 non
1330 1831 1482 1924 ignoras.
1530 1830 1614 1906 Nec
1636 1832 1788 1909 arbitror
1813 1837 1884 1910 he·

679 1931 795 2008 reseoe
811 1930 956 2026 alicujus
975 1951 1103 2004 nomen
1120 1949 1234 2002 meum
1250 1927 1406 2000 delatum
1432 1926 1528 2022 apud
1555 1947 1590 2001 te
1613 1925 1706 2018 effe,
1729 1932 1887 2026 ideoque

684 2029 867 2125 religionis
889 2025 1002 2122 gratia
1024 2027 1138 2102 vitare
1170 2043 1205 2098 te
1235 2023 1305 2097 mei
1331 2026 1599 2112 commercium,
1635 2022 1675 2097 δι
1702 2025 1887 2122 pristinam

682 2125 856 2202 scribendi
870 2121 1155 2200 consuetudinem
1175 2119 1373 2208 remittere,
1398 2116 1479 2194 crim
1499 2117 1702 2218 lngolstadii
1717 2123 1888 2202 habitem.

684 2221 930 2314 Quamobrem
952 2215 1034 2294 crim
1052 2243 1122 2318 ego
1136 2219 1267 2292 nnllam
1290 2216 1539 2292 taciturnitatis
1559 2237 1630 2292 tua
1647 2217 1784 2296 causam
1802 2244 1887 2298 con·

680 2320 813 2417 Jeorre
834 2339 982 2414 queam,
1010 2314 1069 2390 dic
1090 2317 1244 2413 aliquem
1271 2310 1394 2403 sodes,
1417 2315 1476 2390 dic
1506 2313 1764 2408 Faberianam,
1789 2321 1886 2396 colo-

685 2437 781 2504 rem,
805 2437 867 2490 aut
893 2435 939 2487 ne
959 2432 995 2486 te
1019 2411 1209 2488 excusandi
1232 2408 1435 2485 difficultate
1456 2433 1616 2494 onerem,
1640 2431 1773 2489 rantum
1796 2417 1887 2492 litte·

684 2507 813 2587 ratlac
835 2510 1003 2585 absteut
1027 2509 1194 2596 videam,
1217 2503 1257 2579 δι
1281 2504 1396 2580 rursus
1419 2527 1551 2582 mutuae
1574 2507 1736 2586 amicitiae
1758 2513 1887 2588 nostrae

685 2604 746 2683 sua
762 2603 905 2682 redierit
919 2603 1094 2680 serenitas.
1118 2603 1223 2701 Ego,
1239 2603 1289 2675 mi
1306 2601 1463 2689 ilenrico,
1490 2601 1586 2679 reete
1604 2607 1729 2696 valeo,
1753 2605 1889 2685 studim

689 2723 760 2802 que
782 2725 824 2778 ac
844 2698 952 2776 Molis
977 2702 1064 2776 meis
1077 2715 1198 2791 lvaco,
1220 2693 1365 2772 'securus
1388 2700 1475 2794 quid
1497 2694 1704 2796 Ratisponae
1728 2703 1802 2802 (a)
1823 2705 1889 2781 sta·

688 2819 819 2876 tuatur.
868 2795 1083 2894 Quanquam
1098 2817 1215 2873 tamen
1229 2793 1374 2870 subinde
1388 2817 1463 2871 :nou
1479 2798 1592 2894 potest
1610 2821 1726 2874 mcum
1745 2824 1890 2901 quoque

690 2897 845 2972 animum
871 2919 942 2968 non
956 2893 1071 2968 subire
1083 2893 1297 2990 indignatio,
1321 2915 1427 2989 quam
1443 2893 1685 2992 improborum
1707 2897 1893 2984 hominurn

690 3013 859 3082 conatos,
883 3014 926 3069 ac
949 2992 1092 3066 nimium
1113 2987 1255 3066 secundi
1276 2987 1445 3066 saccellus
1473 2991 1638 3066 excitant.
1688 2991 1805 3069 Caesar
1818 2999 1890 3092 jam

718 3107 792 3166 arat
814 3084 993 3164 discetlurn
1025 3087 1064 3163 δι
1085 3087 1228 3163 militem
1252 3084 1462 3170 conscribit,
1486 3085 1557 3162 live
1585 3089 1667 3182 quia
1695 3087 1792 3166 Italis
1817 3115 1891 3170 nou

689 3113 769 3264 Parit
784 3185 950 3276 confidit,
974 3181 1045 3259 ssve
1065 3185 1148 3279 quia
1171 3205 1216 3258 ex
1240 3181 1359 3258 Gallia
1383 3181 1475 3258 forte
1498 3185 1631 3280 aliquid
1650 3185 1785 3263 olfacit.
1833 3189 1892 3264 In·

691 3303 789 3360 terea
820 3283 901 3356 Rex
940 3279 1179 3379 queribundus
1212 3276 1339 3354 frustra
1375 3279 1541 3375 implorat
1574 3283 1714 3356 auxilia.
1762 3283 1892 3364 Fertur

693 3382 798 3455 etlam
824 3401 872 3452 nu
900 3402 937 3452 er
960 3380 999 3449 in
1023 3378 1169 3472 publico
1194 3395 1373 3452 conventu
1397 3377 1599 3450 nominatim
1627 3375 1727 3452 fratri
1763 3379 1893 3462 Caesari

692 3399 920 3574 supplicaiig,
944 3491 984 3547 ut
1002 3470 1200 3552 misereatur
1216 3472 1365 3549 fortunae
1389 3473 1544 3568 germani
1567 3469 1705 3568 fratris,
1730 3474 1768 3564 δι
1795 3501 1893 3592 com·

1782 3597 1896 3655 1111ὶῦ18

695 3701 857 3786 adquam
888 3717 981 3768 anno
1011 3701 1104 3784 1548.
1141 3681 1196 3764 'er
1217 3695 1465 3782 pragmaticam
1491 3693 1700 3766 sanctionem
1731 3701 1894 3773 instaura·

695 3801 784 3860 tam,
808 3782 851 3851 ab
871 3783 958 3870 imp.
980 3782 1088 3853 curalo
1145 3830 1153 3848 .
1171 3779 1373 3866 suggerente
1388 3778 1425 3851 δι
1437 3778 1612 3866 deligente
1624 3781 1745 3868 Vtgtro,
1766 3786 1893 3858 iterum

699 3871 882 3953 aliumptus
909 3867 987 3936 fuit.
1010 3865 1092 3932 Turn.
1112 3880 1145 3950 4.
1159 3880 1233 3948 pag.
1274 3867 1327 3947 98.

739 3951 803 4054 (a)
825 3950 948 4016 Securus
1008 3948 1043 4014 id
1056 3947 1227 4034 Ratisponae
1237 3881 1416 4031 finiuntur]
1435 3945 1611 4044 Nimirum
1626 3949 1725 4018 initio
1747 3951 1897 4034 Januarii

639 4049 640 4054 ‘
690 4043 796 4123 nujus
811 4034 892 4099 anni
909 3969 1023 4101 Cae‘ssf
1039 4051 1059 4097 e
1079 4047 1259 4098 conventu
1279 4032 1523 4100 Wormatrano
1546 4047 1714 4102 revocato
1732 4035 1893 4108 Granum

695 4114 971 4274 ssi'b‘irsiii?
983 4114 1893 4288 iiiiiiutilitatiiiiiilal‘lllll?

695 4288 845 4366 indeque
862 4219 1100 4362 ratisbonen&
1116 4279 1176 4350 ubi
1188 4281 1340 4350 Conrltia
1351 4281 1494 4367 Imperii
1510 4283 1699 4362 indixerat,
1719 4225 1896 4372 proiectus

695 4371 770 4450 est,
790 4367 984 4454 eodemque
1003 4365 1116 4440 meuse
1139 4365 1267 4434 Martio
1292 4365 1491 4452 Principum
1513 4365 1772 4454 Civitatumque
1791 4375 1896 4460 legati

693 4455 890 4529 convenire
911 4471 1065 4542 coepere.
1105 4449 1194 4520 Part.
1212 4449 1308 4522 Haut.
1329 4451 1404 4522 Rer.
1423 4447 1532 4535 Auflr.
1550 4453 1602 4524 lib.
1624 4471 1675 4522 11.
1695 4473 1758 4545 cap.
1782 4477 1842 4542 15··
