4840 5830
593 595 862 696 coresium
889 591 1076 696 euov.
1104 591 1497 696 Houuaunrm
1614 637 1635 700 1
1641 633 1671 728 ς

338 770 341 778 ’
474 793 650 883 homicid,
677 789 818 887 (saltem
833 789 887 865 his
900 787 1060 885 proxime
1086 787 1318 880 accedebant)
1344 792 1450 868 hodie
1466 796 1560 892 apud
1576 797 1665 874 Gal·

472 892 529 965 loc
545 891 717 964 lutondans
740 886 811 984 (28
863 888 1040 1052 appellati.
1065 885 1299 998 Mittebantur
1312 889 1373 982 qni
1393 890 1664 988 Magistratnum

472 985 510 1061 dt
520 983 763 1061 Officiatorum
782 1006 803 1058 a
872 1003 907 1054 tn
922 1003 1099 1076 picerent,
1111 983 1236 1078 agendi
1246 983 1388 1058 modum
1404 992 1660 1082 examinarent,

470 1077 1437 1273 liliatitidinari?‘titillatam‘
1462 1108 1507 1159 ‘¹
1537 1111 1660 1172 ‘⁰¹⁰⁰'

477 1297 483 1304 ·
516 1272 594 1364 Qui
610 1294 744 1350 attenta
759 1292 877 1347 mente
892 1269 1070 1364 expendet
1085 1267 1304 1360 lusirtdiorres
1320 1271 1489 1349 hodierno
1502 1275 1660 1355 Conlilio

466 1367 680 1446 Provinciali
703 1369 874 1442 Flandriae
893 1363 1058 1460 scriptae,
1082 1363 1244 1439 advertet
1260 1389 1318 1441 eas
1337 1365 1503 1445 formatas
1525 1373 1594 1448 elie
1609 1377 1658 1450 nd

466 1467 531 1540 hot
544 1471 614 1562 jam
630 1465 741 1540 distos
761 1485 874 1540 morea
893 1462 931 1537 dt
947 1459 1118 1534 instituta:
1143 1461 1291 1555 illosque
1306 1464 1546 1553 Conliliarioa,
1564 1493 1657 1566 quoa

466 1559 625 1656 Philippus
641 1563 762 1637 Aulus
776 1561 812 1634 in
821 1554 995 1656 producto
1011 1553 1156 1630 aNobie
1168 1557 1381 1650 diplomate,
1405 1583 1512 1657 atque
1525 1568 1560 1638 in
1571 1567 1655 1663 ipsrt

463 1655 718 1755 instructioribus
742 1655 844 1753 (Art.
864 1651 971 1746 XII.)
992 1654 1167 1748 loquitur,
1190 1673 1232 1726 ac
1256 1654 1342 1728 dicit
1353 1657 1452 1732 lateri
1466 1659 1528 1734 suo
1546 1659 1654 1736 bure·

463 1774 520 1838 re,
545 1755 682 1829 Sonant
697 1772 784 1827 notre
794 1751 965 1848 perstrata,
989 1748 1224 1831 dauers-Nous,
1243 1751 1565 1846 decoraremus,
1589 1761 1656 1854 qni.

462 1851 568 1925 etiam
577 1851 627 1925 ira
638 1850 747 1935 Nous,
767 1850 805 1925 dt
820 1849 916 1946 apud
931 1843 1152 1950 Rodandos,
1177 1841 1297 1940 nrffem
1312 1847 1401 1930 Ous;
1413 1845 1477 1924 effe
1488 1857 1651 1945 eoadem,

487 1946 589 2020 nibus
616 1949 653 2022 &
676 1947 853 2020 ludovicus
881 1936 1081 2034 Ninrrrensts
1105 1941 1143 2016 dt
1174 1941 1353 2015 Ludrnicur
1382 1944 1551 2021 Maleatas
1570 1972 1654 2029 ante

460 1967 639 2135 ibilippum
652 2041 813 2114 Audacem
837 2037 884 2114 ult
901 2037 1033 2112 suntin
1055 2033 1479 2114 administrandasubdiriu
1506 2046 1649 2140 justitia.

460 2135 542 2212 Nec
558 2135 697 2232 possunt
722 2135 849 2210 horum
863 2135 1012 2208 duorum
1036 2131 1215 2207 Comitum
1240 2129 1392 2210 Consilia
1417 2139 1650 2232 ambulantia,

458 2234 496 2306 in
514 2235 648 2306 eodem
658 2233 929 2327 praedicamento
943 2226 1002 2302 sen
1016 2230 1191 2323 categoria
1208 2230 1370 2306 constitui
1387 2254 1466 2308 cum
1480 2234 1652 2314 bodier'no
1722 2230 1732 2251 ’

461 2325 619 2404 Conlilio
637 2323 849 2401 Provinciali
868 2326 884 2422 (
901 2325 1098 2420 cnjnainde
1113 2327 1214 2420 orig'n
1228 2327 1272 2400 ad
1298 2327 1524 2426 quadraginta
1539 2357 1654 2412 annm

456 2443 715 2520 retroageretnr
731 2442 851 2498 contra
877 2421 982 2496 fidem
1011 2419 1213 2515 diplomatis
1246 2423 1365 2520 allati)
1389 2429 1470 2522 qnia
1502 2433 1650 2508 memori

456 2542 574 2606 mente
598 2521 822 2597 recolendum
848 2518 914 2607 est,
938 2513 1037 2592 inille
1063 2515 1288 2592 Conliliarios
1309 2543 1423 2598 meror
1445 2524 1652 2622 delegatos,

455 2621 568 2692 nudos
596 2613 898 2691 Commillariota
927 2610 1089 2709 Principe
1120 2615 1279 2702 eleetos,
1312 2638 1445 2712 prore
1479 2642 1581 2710 nata;
1605 2624 1645 2700 dt

456 2710 679 2789 Conssllarios
695 2714 838 2810 quidem
857 2711 956 2800 ilion,
978 2708 1037 2784 sed
1055 2731 1126 2782 non
1134 2708 1270 2806 judices
1287 2709 1396 2789 fuiffe.
1420 2714 1524 2791 Solus
1547 2721 1652 2793 eninr

459 2808 588 2884 Comes
610 2810 666 2904 jur
692 2810 803 2891 dixit.
827 2829 908 2882 cnm
928 2807 987 2902 jus
1009 2807 1139 2881 dilium
1165 2805 1253 2885 fuit:
1277 2805 1315 2879 dt
1337 2808 1429 2904 ipsr,
1454 2836 1493 2889 nt
1518 2815 1645 2912 loquar

456 2907 553 3000 qnod
570 2907 676 2980 bodie
690 2905 857 2990 dicimur,
880 2902 1011 2976 Votum
1040 2901 1310 2978 constitutivum
1333 2903 1534 3000 habuerint,
1558 2915 1648 3002 defi.

451 3001 643 3077 berativnm
660 3023 720 3076 aut
734 2999 922 3075 decistvunt
938 3021 1010 3072 non
1031 2999 1130 3073 irem,
1285 3057 1287 3063 ,
1572 3029 1577 3042 ·

500 3098 673 3175 Tribunal
691 3098 830 3192 justitie
844 3097 1052 3170 bodiemum
1076 3096 1112 3168 dt
1128 3091 1172 3168 de
1188 3098 1287 3190 cujus
1305 3097 1439 3193 origine
1453 3105 1642 3196 queritur,

451 3193 558 3271 habet
574 3211 665 3270 notas
685 3193 779 3278 suas,
803 3193 991 3289 exquibus
1016 3191 1105 3262 illud
1127 3191 1328 3287 dignoscas,
1344 3217 1503 3292 quaeque
1521 3199 1644 3274 secun·

450 3287 534 3364 ditm
560 3313 720 3386 quartum
742 3293 884 3362 modum
915 3283 1088 3380 logicum,
1123 3289 1337 3361 conveniunt
1368 3294 1462 3365 omni
1487 3297 1525 3369 dt
1560 3295 1637 3370 loli.
1677 3319 1682 3334 ·

449 3385 524 3459 Hae
545 3402 626 3460 notar
642 3384 821 3459 sunttret:
843 3401 884 3458 nt
899 3379 940 3453 fit
956 3377 1092 3470 stabile,
1115 3379 1257 3467 sedens,
1282 3381 1319 3455 dt
1334 3388 1550 3468 territoriale.
1578 3395 1636 3470 Ad

447 3481 510 3556 has
524 3480 674 3576 respexit
689 3479 849 3570 Philippus
866 3477 984 3550 Audax
994 3476 1072 3552 cium
1085 3479 1195 3552 erexit
1210 3477 1401 3554 Conlilium
1416 3481 1641 3563 provinciale

448 3577 646 3660 mandrie,
676 3571 894 3672 quodfiubr‘le
915 3576 1029 3648 voluit
1053 3570 1117 3648 elle
1137 3571 1177 3648 &
1201 3595 1417 3667 permanent.
1467 3581 1520 3654 lta
1543 3587 1642 3658 enim

446 3672 660 3748 infecundis
678 3668 802 3745 tabulis
820 3671 909 3744 datie
928 3669 1135 3760 5Februarii
1154 3687 1256 3760 1385.
1283 3672 1407 3765 quibua
1424 3675 1634 3751 erectionem

443 3768 516 3866 jam
532 3769 678 3851 fastam,
701 3763 861 3866 ipsasque
877 3763 1120 3840 Instruiiiones
1146 3768 1341 3839 confirmat:
1370 3773 1480 3842 Aonas
1501 3773 1634 3844 ordonna

1588 3869 1637 3953 id

485 4041 575 4129 (28)
598 4039 665 4106 Les
680 4037 843 4107 intendunt
865 4039 909 4107 de
935 4037 1077 4124 Juliice‚
1098 4037 1231 4114 Polite,
1260 4039 1447 4118 Finances,
1474 4041 1551 4109 sont
1570 4043 1635 4113 det

445 4143 528 4212 gens
543 4127 706 4202 derobe,
729 4143 796 4209 que
816 4125 850 4190 le
867 4123 931 4190 Roi
948 4141 1086 4207 envoye
1102 4122 1185 4190 dans
1204 4125 1254 4192 lec
1280 4123 1477 4192 provinces.
1498 4129 1526 4191 ll
1543 4145 1567 4208 y
1584 4147 1632 4195 en

446 4217 466 4277 a
484 4226 532 4274 nn
552 4209 636 4275 dana
650 4207 782 4292 chaque
798 4207 1020 4286 Generalit63
1043 4225 1133 4288 pont
1151 4207 1283 4274 donner
1297 4207 1398 4272 ordre
1414 4225 1481 4272 aux
1496 4209 1629 4278 affairea

446 4291 742 4364 extraordinairea.
785 4289 845 4358 On
878 4293 927 4357 lea
958 4291 1094 4374 appelle
1118 4289 1210 4371 uully
1241 4289 1460 4372 Commiffnr'res
1480 4290 1631 4375 departia

446 4390 584 4530 griffi
595 4375 676 4524 rTelle
690 4373 889 4446 Generatlte
916 4391 1008 4462 pour
1026 4373 1236 4444 l’execution
1260 4371 1459 4444 decorares
1483 4373 1531 4442 du
1552 4375 1634 4449 Roi.
