4680 5828
604 581 796 682 EPIST.
826 579 1135 680 SELECTAE
1164 605 1231 678 An
1259 587 1591 696 amusos
1647 624 1707 722 47

685 725 1195 895 e'prsronn
1251 773 1531 908 xvitr.
1711 837 1863 908 nn.

1735 938 1783 978 mo
1800 919 1842 984 11.

562 1025 1647 1156 cenunroneur1uusuo().
1734 995 1862 1064 Μ

510 1257 673 1349 Gaudet
688 1261 738 1345 de
752 1253 929 1368 restituta
950 1253 1107 1349 Claudii
1123 1257 1363 1352 ualetudine.
1392 1261 1580 1355 Alciatus
1596 1261 1709 1359 haud
1757 1293 1866 1371 usar.

559 1371 762 1488 aegrefert
779 1374 886 1487 quod
908 1378 943 1460 is
965 1370 1063 1460 alibi
1091 1375 1259 1462 donaris
1280 1375 1465 1465 lauream
1490 1391 1703 1496 acceperit.
1812 1379 1815 1386 ⁴

560 1482 708 1574 Scribit
718 1485 767 1599 se
780 1483 968 1600 profiteri
984 1483 1271 1576 Institutiones
1291 1487 1487 1598 Patauii,
1515 1521 1563 1580 ac
1583 1495 1705 1585 Caru-

558 1599 644 1689 lum
662 1599 903 1716 Suoquetum
925 1595 1001 1686 obii
1028 1628 1060 1686 e.
1119 1597 1355 1718 Interrogat
1376 1605 1426 1691 de
1453 1603 1704 1696 Melanchto-

555 1741 606 1800 tu
641 1721 749 1800 circa
783 1731 942 1828 tempus
970 1712 1139 1822 restituti
1162 1717 1278 1826 juris
1315 1715 1471 1806 Ciuilis.
1529 1717 1703 1832 Excitat

556 1824 772 1918 Claudium
795 1829 852 1913 ad
865 1823 1187 1944 persequendum
1210 1835 1468 1944 antiquitatis
1475 1827 1673 1944 studium.

498 2055 629 2225 ETlr
642 2056 760 2132 literas
776 2073 854 2130 tuas
873 2053 1074 2149 gratissimas
1099 2052 1236 2148 semper
1255 2053 1460 2141 habuerim,
1486 2055 1602 2132 Cluuii
1621 2057 1702 2134 cha·

592 2153 734 2241 nisime,
758 2172 965 2226 nontamen
987 2150 1075 2226 adeo
1096 2149 1150 2222 lui
1169 2151 1399 2240 inhumanus,
1423 2171 1462 2224 ut
1482 2173 1557 2226 turn
1579 2179 1637 2230 eas
1651 2153 1702 2228 ef·

499 2248 714 2346 flagitarern,
725 2247 805 2322 cium
820 2267 855 2322 te
877 2244 1074 2341 periculoso
1088 2247 1214 2320 morbo
1229 2249 1435 2344 impeditum
1452 2250 1701 2362 intelligerem,

500 2347 539 2423 δι
554 2365 639 2422 vota
654 2345 774 2442 potius
789 2365 857 2440 pro
875 2365 937 2416 tua
951 2341 1151 2418 valetudine
1166 2341 1328 2417 lacerem.
1377 2341 1509 2442 Neque
1528 2369 1621 2422 emm
1636 2369 1702 2423 nos

495 2444 557 2520 hie
578 2443 682 2516 latuit
693 2440 804 2536 Spirae
821 2459 857 2513 te
876 2437 1106 2527 decumbere3
1131 2461 1171 2512 ac
1187 2457 1283 2512 tuam
1303 2440 1418 2514 vicem
1441 2443 1594 2536 graviter
1611 2443 1702 2522 sere·

494 2539 640 2628 bamus,
664 2561 777 2634 eoque
792 2557 888 2610 nunc
905 2533 1010 2610 nobis
1032 2533 1099 2609 fuit
1114 2535 1304 2632 iucundius
1315 2587 1328 2625 ,
1354 2559 1399 2609 ex
1422 2537 1534 2612 literis
1556 2541 1625 2614 tuis
1647 2565 1701 2616 re·

493 2637 650 2712 stitutum
671 2653 706 2711 te
726 2633 933 2730 intelligere.
992 2630 1107 2729 Spero
1130 2655 1245 2708 autem
1268 2653 1305 2706 te
1335 2633 1504 2730 deinceps
1534 2633 1701 2714 salubrio-

491 2757 567 2810 rem
590 2731 687 2817 fore,
710 2727 791 2804 eisrn
816 2729 954 2805 Italicas
987 2731 1108 2825 epulas
1137 2732 1208 2804 hoc
1231 2725 1356 2810 morbo
1381 2730 1579 2806 concoxille
1602 2753 1702 2808 autu·

494 2853 609 2918 mern,
627 2850 706 2923 quae
717 2827 814 2924 prius
833 2825 1047 2900 stomachum
1064 2845 1163 2899 tuum
1177 2825 1320 2898 nimium
1341 2825 1543 2922 gravabant.
1570 2827 1700 2926 Scripli

495 2946 608 3023 nuper
625 2927 669 2998 ad
685 2945 720 2998 te
744 2945 857 3018 pauca
880 2944 947 3018 per
967 2923 1141 2994 Conradum
1166 2921 1412 2995 Herrsbaciium
1437 2923 1514 3020 (a)
1539 2923 1700 3019 atq'ueit

493 3023 574 3104 cism
598 3039 776 3117 parentem
801 3041 901 3093 tuum
920 3015 1014 3091 nolle
1038 3037 1210 3112 cuperet,
1234 3019 1395 3092 amicitiae
1418 3021 1543 3094 nostrae
1566 3020 1698 3098 fiducia

492 3120 591 3200 ausus
614 3115 687 3190 sum
748 3139 786 3192 er
817 3117 936 3190 literas
968 3113 1067 3186 illurn
1091 3115 1126 3186 ei
1148 3115 1402 3190 commendare.
1453 3115 1541 3190 Hoc
1564 3113 1696 3194 fastum

491 3139 754 3294 meumcismlrpt
775 3210 855 3286 latis
871 3210 1079 3306 impudens,
1101 3211 1230 3300 velim,
1252 3210 1300 3282 mi
1322 3211 1433 3284 Claudi
1444 3266 1456 3301 ,
1480 3229 1521 3286 ut
1541 3231 1579 3286 tu
1596 3215 1695 3311 apud
1739 3213 1742 3220 ’

489 3333 671 3410 parentem
706 3305 858 3384 excuses.
915 3305 1127 3400 Quanquam
1156 3329 1224 3402 ego
1255 3307 1427 3380 nihildum
1466 3309 1622 3384 intellexi
1645 3334 1692 3386 an

449 3465 456 3488 .
490 3413 550 3485 ille
565 3403 733 3502 Augustae
755 3401 875 3476 fuerit.
923 3401 984 3478 De
1005 3421 1039 3476 te
1059 3399 1140 3474 cium
1166 3425 1278 3497 nuper
1293 3404 1337 3475 ad
1353 3405 1517 3478 Alciatum
1543 3401 1691 3502 scripfis·

491 3508 585 3591 sem,
609 3503 687 3574 haec
711 3499 772 3572 ille
798 3497 1004 3594 respondit:
1030 3499 1128 3598 Quod
1165 3498 1313 3571 Claudius
1336 3499 1542 3594 Peutingsrus
1566 3525 1587 3572 a
1614 3505 1690 3577 Cato
1718 3531 1868 3608 *Appen

490 3600 627 3696 inſsgnia
647 3591 854 3692 susceperit,
891 3597 965 3667 mibi
996 3599 1114 3688 quidem
1150 3615 1209 3666 non
1247 3597 1350 3666 minus
1375 3597 1552 3690 jucundum
1576 3597 1597 3640 *
1619 3599 1688 3694 est,
1717 3605 1797 3682 fere,
1812 3627 1845 3672 ut

491 3723 586 3796 quam
601 3692 636 3790 st
658 3694 695 3764 ds
719 3691 1031 3778 metastasis
1055 3694 1136 3762 enim
1161 3692 1237 3763 mili
1258 3711 1329 3764 tum
1352 3692 1411 3782 ipso
1437 3691 1512 3765 Cato
1537 3715 1595 3764 non
1617 3697 1687 3768 ual-
1716 3685 1799 3782 'stin

486 3818 600 3894 geren
622 3787 682 3888 ff
704 3788 885 3862 arnicitiam.
934 3785 993 3890 De
1008 3786 1071 3862 illo
1087 3787 1158 3862 huc
1171 3784 1381 3862 accersendo
1396 3787 1512 3884 prope
1529 3787 1689 3868 conielia
1716 3763 1856 3906 {22⁸3}

1631 3911 1686 3964 res
1711 3918 1774 3998 fr„

534 4067 598 4154 (1)
622 4063 750 4133 Claudio
780 4061 981 4214 Psutinggro)
1009 4062 1043 4130 Is
1065 4073 1139 4130 erat
1160 4057 1400 4157 Αιιςιιίὶριιπιε,Ι
1431 4059 1564 4130 Conradi
1574 4111 1586 4143 ,
1608 4063 1690 4151 (qui

491 4150 714 4237 Imperatoris
730 4147 945 4214 Maximiiiani
979 4143 1332 4225 .Consrliariusfu1t)
1355 4143 1462 4225 finus3
1485 4165 1575 4213 anno
1593 4168 1607 4214 1
1636 4167 1688 4230 33.

489 4234 653 4322 Augustae
669 4234 703 4297 in
727 4231 941 4298 ordinarium
959 4245 1226 4317 procuratorum
1246 4227 1359 4294 album
1386 4225 1574 4314 adscriptus
1615 4235 1689 4314 uit,

490 4339 530 4388 ut
546 4319 665 4404 prodit
683 4313 803 4396 ngius
822 4330 906 4381 tom.
929 4333 960 4382 2.
979 4335 1014 4398 p.
1037 4332 1112 4398 209.
1525 4321 1528 4328 '
1679 4324 1684 4336 ·

532 4402 593 4490 (2)
617 4399 791 4469 cunradum
819 4396 1069 4480 Heresltacltium]
1093 4391 1331 4464 Conliliarium
1358 4393 1468 4463 Ducis
1504 4393 1691 4480 Clivenfis,

492 4489 535 4558 de
554 4504 623 4576 quo
643 4479 776 4554 diversa
796 4479 910 4550 videri
928 4480 1065 4570 poliunt
1091 4482 1129 4553 iu
1145 4475 1267 4568 Erasini
1284 4475 1444 4564 epistolia.
