4742 5814
539 646 733 745 EPIST.
762 643 1070 744 SELECTAE
1097 671 1164 738 AD
1193 641 1526 746 DIVERSOS.
1557 667 1648 768 239·

438 841 500 921 erfi
524 839 591 918 lint
611 843 707 918 haud
731 842 782 918 ita
801 845 918 940 magni
939 841 1132 928 momenti,
1164 859 1282 916 tamen
1304 840 1472 936 quoniam
1495 842 1637 941 ingenui

439 945 489 1016 est
509 941 617 1014 anitni
635 963 709 1014 uon
734 937 913 1036 despicere
938 938 965 1013 sr
990 941 1069 1037 quis
1095 939 1240 1012 meliora
1259 936 1477 1033 suggesserit,
1501 961 1636 1018 mutare

439 1039 584 1114 Curtium
599 1036 734 1133 pudere
749 1060 823 1112 non
839 1037 955 1113 debet.
1006 1036 1062 1112 Ac
1081 1035 1192 1111 tribus
1211 1037 1247 1108 in
1272 1031 1478 1130 praefatione
1503 1037 1633 1114 additia

435 1132 578 1220 verbis,
601 1154 710 1209 rotam
726 1133 825 1209 istam
841 1135 1043 1232 tragaediam
1060 1129 1203 1208 fortuilis
1222 1153 1294 1205 non
1311 1129 1403 1204 male
1425 1129 1630 1230 consopiet,

435 1228 571 1306 sidicat
586 1253 659 1305 non
677 1227 777 1305 iuiffe
807 1228 872 1305 fibi
891 1233 1043 1304 animum
1049 1282 1062 1319 ,
1086 1231 1252 1302 Nunnium
1277 1225 1507 1323 suggillandi,
1531 1252 1628 1306 eorn-

435 1352 505 1424 que
525 1328 615 1404 oded
639 1326 675 1402 se
699 1351 771 1402 non
792 1350 1039 1416 contemnere,
1063 1345 1102 1400 ut
1121 1324 1164 1399 ab
1191 1347 1234 1399 eo
1257 1327 1380 1399 melius
1404 1323 1559 1422 suggesta
1581 1324 1631 1400 se·

434 1426 498 1522 qui
522 1446 594 1498 non
609 1420 718 1498 fuerit
740 1442 920 1520 gravatus:
945 1425 1039 1497 idem
1062 1422 1097 1497 se
1120 1439 1303 1517 rogarent
1324 1418 1431 1494 faciat
1456 1423 1624 1509 Nunnius,

433 1543 540 1614 atque
566 1521 719 1612 inuenit
750 1523 913 1618 deinceps
940 1518 1094 1607 desinat,
1118 1519 1261 1614 quando
1277 1518 1374 1612 quod
1396 1514 1528 1592 facium
1553 1515 1630 1608 est,

434 1619 593 1696 revocari
611 1620 745 1718 nequit.
794 1615 889 1692 Bene
907 1620 998 1692 vale.
1024 1636 1083 1704 25·
1108 1613 1243 1712 Aprilis
1272 1634 1377 1709 1537.

655 1816 1164 1938 EPISTOLA
1220 1813 1405 1916 XCV.
1664 1837 1787 1902 uxre-

1662 1937 1711 1981 rno
1731 1918 1797 1984 111,

494 2037 951 2133 sreonnno
1008 2037 1560 2151 nonrnuon).
1658 1995 1788 2072 ‘⁰¹³³‘

429 2255 504 2350 De
535 2264 711 2353 amicitia
729 2253 940 2376 Jiruanda
959 2256 1155 2376 preclare
1176 2259 1339 2377 sintit,
1374 2261 1432 2358 δέ
1461 2261 1624 2354 Monta.
1671 2283 1782 2360 1537.

751 2402 848 2464 uum
871 2371 992 2489 jubet
1019 2373 1092 2488 effe
1105 2371 1307 2490 securum.

518 2589 658 2667 Manter
674 2594 816 2689 quidem
835 2609 874 2666 tu
882 2643 893 2679 ,
915 2587 1133 2668 Ornatillinte
1144 2593 1322 2681 Montana,
1338 2590 1465 2669 nostrae
1480 2590 1622 2670 consue·

539 2689 671 2763 tudinis
693 2692 896 2765 memoriam
913 2689 1077 2781 refricas,
1101 2687 1163 2764 sed
1183 2709 1297 2764 tamen
1313 2713 1384 2765 non
1400 2688 1534 2788 pullum
1549 2715 1624 2766 non

424 2785 698 2881 reprehendere,
725 2787 821 2880 quod
846 2789 934 2861 adeo
960 2784 1002 2860 fis
1025 2787 1147 2861 anxius
1165 2807 1208 2858 ne
1229 2809 1307 2860 meo
1336 2788 1453 2860 animo
1482 2789 1623 2864 excide·

424 2883 493 2970 ris,
516 2903 606 2957 neve
631 2885 753 2976 (quod
775 2886 812 2956 in
831 2883 984 2956 amicitiai
1010 2884 1130 2958 durius
1152 2880 1202 2957 est
1222 2883 1392 2977 verbum)
1419 2905 1454 2957 te
1481 2907 1548 2978 ego
1574 2908 1619 2960 ex

421 2979 610 3052 amicorum
634 2999 792 3052 meorum
812 2979 894 3052 albo
918 2979 1106 3074 rejecerim.
1157 2977 1211 3052 Ut
1229 3000 1406 3074 nunquam
1426 2985 1513 3053 verd
1535 3001 1619 3076 erga

422 3076 552 3147 amicos
575 3073 731 3150 morosus
753 3074 829 3158 lui,
857 3077 906 3148 ita
932 3075 1061 3168 fidem,
1098 3078 1306 3160 candorem,
1330 3077 1368 3150 &
1392 3072 1619 3152 constantiam

422 3169 588 3244 nonium
614 3169 730 3266 pallus
757 3193 956 3268 quenquam
982 3175 1018 3244 in
1047 3197 1101 3248 me
1123 3176 1325 3269 requirere3
1356 3171 1506 3269 ctimque
1531 3175 1621 3247 mihi

424 3269 680 3362 cumpluribus
702 3267 915 3342 familiaritas
940 3268 1183 3356 intermiserit,
1209 3271 1329 3342 eadem
1353 3293 1432 3343 curn
1455 3269 1622 3344 omninno

420 3362 589 3437 inviolata
610 3367 647 3437 in
670 3366 764 3440 hunc
792 3361 901 3461 usque
932 3366 1024 3437 diem
1046 3371 1222 3462 perdurat.
1272 3365 1513 3459 Quamobrem
1544 3389 1618 3440 non

418 3455 497 3530 satis
525 3481 579 3534 me
607 3459 734 3534 novisti
755 3513 765 3550 ‚
801 3459 826 3534 lr
852 3485 923 3535 rem
950 3464 1106 3536 omniurn
1129 3463 1276 3538 maxime
1300 3459 1487 3557 pretiosam
1508 3483 1622 3558 arque·

417 3552 508 3627 adeo
533 3554 825 3642 inaestimabilem,
850 3559 919 3630 hoc
948 3559 1001 3632 est
1025 3559 1228 3647 amicitiam,
1254 3560 1343 3630 inter
1360 3579 1424 3631 nos
1449 3581 1519 3630 non
1541 3562 1618 3634 leri·
1669 3645 1674 3654 ,
1795 3585 1799 3594 ·

418 3647 481 3722 usu
506 3647 567 3722 sed
585 3649 723 3726 fincero
738 3649 865 3725 affeciu
888 3653 1088 3738 fundatam,
1113 3657 1206 3730 aded·
1228 3676 1283 3724 me
1307 3651 1439 3728 temeri
1461 3655 1614 3750 abjicere

295 3833 296 3838 Ἰ
419 3744 603 3821 existimes.
655 3747 805 3822 Litteras
830 3749 892 3822 abs
919 3771 954 3824 te
972 3752 1103 3844 aliquas
1126 3747 1292 3846 accepisti
1315 3771 1420 3846 atque
1438 3753 1541 3824 etiarn
1559 3753 1612 3824 vi

416 3841 522 3921 ciffim
544 3845 588 3918 ad
614 3863 648 3920 te
676 3842 804 3919 dedtffe
832 3847 975 3917 memini
1007 3845 1086 3918 ciunt
1108 3851 1222 3922 adhuc
1248 3846 1284 3919 in
1308 3847 1426 3922 Galliti
1449 3869 1616 3943 agerem,

415 3955 521 4036 atque
539 3943 576 4013 in
598 3944 670 4016 hoe
688 3963 815 4038 genere
834 3943 1060 4038 obligationis
1077 3945 1171 4016 haud
1188 3945 1283 4018 soleo
1305 3938 1612 4038 malum'praestare

413 4059 542 4110 nornen
553 4088 565 4124 ,
591 4037 636 4111 de
647 4039 799 4134 pecunii
817 4039 949 4113 crediti
961 4061 1004 4110 ne
1017 4041 1171 4136 cogitavi
1192 4043 1334 4137 quidem
1351 4061 1527 4133 unquam,
1551 4063 1609 4114 ne·

412 4134 540 4228 quein
568 4137 692 4210 crediti
708 4159 839 4234 genere
849 4135 1053 4232 ponendum
1070 4159 1159 4236 puto
1171 4187 1182 4224 ,
1207 4139 1303 4233 quod
1329 4139 1442 4210 amico
1471 4138 1611 4306 iligneab

454 4361 521 4448 (1)
543 4362 687 4466 Stephano
706 4365 884 4525 meinung
911 4366 1023 4456 Quis,
1053 4367 1180 4454 qualis,
1201 4367 1295 4454 cujas
1315 4363 1442 4444 fuerit,
1459 4381 1530 4434 non
1552 4385 1614 4438 re·

408 4446 496 4529 peri.
537 4447 616 4523 Fuit
639 4453 739 4538 Vigilo
761 4469 841 4523 cum

406 4545 442 4613 ¹·
464 4533 543 4614 365,
887 4453 1065 4544 iturigibus
1085 4455 1246 4542 degeret,
1265 4450 1456 4524 familiaris,
1472 4449 1619 4566 ml·
