<?xml version="1.0" encoding="UTF-8"?>
<!DOCTYPE html PUBLIC "-//W3C//DTD XHTML 1.0 Transitional//EN"
    "http://www.w3.org/TR/xhtml1/DTD/xhtml1-transitional.dtd">
<html xmlns="http://www.w3.org/1999/xhtml" xml:lang="en" lang="en">
 <head>
  <title>
</title>
<meta http-equiv="Content-Type" content="text/html;charset=utf-8" />
  <meta name='ocr-system' content='tesseract 3.04.00' />
  <meta name='ocr-capabilities' content='ocr_page ocr_carea ocr_par ocr_line ocrx_word'/>
</head>
<body>
  <div class='ocr_page' id='page_1' title='image "./vitavigliiabayt00ayttgoog_0421.png"; bbox 0 0 4612 5850; ppageno 0'>
   <div class='ocr_carea' id='block_1_1' title="bbox 696 565 1826 696">
    <p class='ocr_par' dir='ltr' id='par_1_1' title="bbox 696 565 1826 696">
     <span class='ocr_line' id='line_1_1' title="bbox 696 565 1826 696; baseline 0.011 -34"><span class='ocrx_word' id='word_1_1' title='bbox 696 567 1131 696; x_wconf 66' lang='lat' dir='ltr'>346V1GL11na</span> <span class='ocrx_word' id='word_1_2' title='bbox 1158 565 1417 662; x_wconf 84' lang='lat' dir='ltr'>AYTTA</span> <span class='ocrx_word' id='word_1_3' title='bbox 1444 567 1826 676; x_wconf 83' lang='lat' dir='ltr'>ZUICHEMI</span> 
     </span>
    </p>
   </div>
   <div class='ocr_carea' id='block_1_2' title="bbox 700 757 1891 1424">
    <p class='ocr_par' dir='ltr' id='par_1_2' title="bbox 700 757 1891 1424">
     <span class='ocr_line' id='line_1_2' title="bbox 701 757 1891 867; baseline -0.006 -24"><span class='ocrx_word' id='word_1_4' title='bbox 701 766 919 867; x_wconf 85' lang='lat' dir='ltr'>provinciam</span> <span class='ocrx_word' id='word_1_5' title='bbox 949 759 1185 846; x_wconf 76' lang='lat' dir='ltr'>cancellarius</span> <span class='ocrx_word' id='word_1_6' title='bbox 1211 757 1356 833; x_wconf 77' lang='lat' dir='ltr'>Ordinis</span> <span class='ocrx_word' id='word_1_7' title='bbox 1382 757 1455 854; x_wconf 84' lang='lat'>(5)</span> <span class='ocrx_word' id='word_1_8' title='bbox 1488 763 1547 838; x_wconf 89' lang='lat' dir='ltr'>vel</span> <span class='ocrx_word' id='word_1_9' title='bbox 1575 765 1793 865; x_wconf 76' lang='lat' dir='ltr'>thtvyckr&#39;ar</span> <span class='ocrx_word' id='word_1_10' title='bbox 1824 796 1891 852; x_wconf 91' lang='lat' dir='ltr'>no.</span> 
     </span>
     <span class='ocr_line' id='line_1_3' title="bbox 703 854 1887 957; baseline 0.005 -18"><span class='ocrx_word' id='word_1_11' title='bbox 703 867 772 939; x_wconf 85' lang='lat' dir='ltr'>stet</span> <span class='ocrx_word' id='word_1_12' title='bbox 796 859 873 957; x_wconf 86' lang='lat'>(6)</span> <span class='ocrx_word' id='word_1_13' title='bbox 899 860 958 931; x_wconf 89' lang='lat' dir='ltr'>vel</span> <span class='ocrx_word' id='word_1_14' title='bbox 974 857 1045 930; x_wconf 91' lang='lat' dir='ltr'>duo</span> <span class='ocrx_word' id='word_1_15' title='bbox 1062 854 1162 930; x_wconf 82' lang='lat' dir='ltr'>simul</span> <span class='ocrx_word' id='word_1_16' title='bbox 1177 878 1248 928; x_wconf 92' lang='lat' dir='ltr'>non</span> <span class='ocrx_word' id='word_1_17' title='bbox 1267 855 1421 930; x_wconf 88' lang='lat' dir='ltr'>inidonei</span> <span class='ocrx_word' id='word_1_18' title='bbox 1440 859 1525 930; x_wconf 88' lang='lat' dir='ltr'>mihi</span> <span class='ocrx_word' id='word_1_19' title='bbox 1543 858 1765 957; x_wconf 82' lang='lat' dir='ltr'>uiderentur,</span> <span class='ocrx_word' id='word_1_20' title='bbox 1789 868 1887 948; x_wconf 89' lang='lat' dir='ltr'>fieo·</span> 
     </span>
     <span class='ocr_line' id='line_1_4' title="bbox 700 949 1891 1050; baseline -0.003 -15"><span class='ocrx_word' id='word_1_21' title='bbox 700 983 780 1036; x_wconf 84' lang='lat' dir='ltr'>tutu</span> <span class='ocrx_word' id='word_1_22' title='bbox 800 977 909 1050; x_wconf 86' lang='lat' dir='ltr'>opera</span> <span class='ocrx_word' id='word_1_23' title='bbox 926 954 984 1026; x_wconf 88' lang='lat' dir='ltr'>hic</span> <span class='ocrx_word' id='word_1_24' title='bbox 1001 973 1116 1025; x_wconf 91' lang='lat' dir='ltr'>carere</span> <span class='ocrx_word' id='word_1_25' title='bbox 1135 949 1316 1046; x_wconf 76' lang='lat' dir='ltr'>ponemus.</span> <span class='ocrx_word' id='word_1_26' title='bbox 1350 949 1483 1027; x_wconf 76' lang='lat' dir='ltr'>Vtrum</span> <span class='ocrx_word' id='word_1_27' title='bbox 1502 954 1546 1028; x_wconf 88' lang='lat' dir='ltr'>de</span> <span class='ocrx_word' id='word_1_28' title='bbox 1567 957 1799 1042; x_wconf 71' lang='lat' dir='ltr'>hironimum</span> <span class='ocrx_word' id='word_1_29' title='bbox 1817 963 1891 1044; x_wconf 90' lang='lat' dir='ltr'>Re.</span> 
     </span>
     <span class='ocr_line' id='line_1_5' title="bbox 701 1044 1890 1156; baseline 0.004 -26"><span class='ocrx_word' id='word_1_30' title='bbox 701 1051 938 1130; x_wconf 82' lang='lat' dir='ltr'>verendiffima</span> <span class='ocrx_word' id='word_1_31' title='bbox 955 1047 1004 1120; x_wconf 91' lang='lat' dir='ltr'>D.</span> <span class='ocrx_word' id='word_1_32' title='bbox 1025 1044 1073 1118; x_wconf 90' lang='lat' dir='ltr'>V.</span> <span class='ocrx_word' id='word_1_33' title='bbox 1090 1051 1212 1122; x_wconf 85' lang='lat' dir='ltr'>melius</span> <span class='ocrx_word' id='word_1_34' title='bbox 1233 1047 1412 1140; x_wconf 78' lang='lat' dir='ltr'>judicabit.</span> <span class='ocrx_word' id='word_1_35' title='bbox 1462 1046 1558 1136; x_wconf 82' lang='lat' dir='ltr'>Quae</span> <span class='ocrx_word' id='word_1_36' title='bbox 1584 1047 1607 1120; x_wconf 85' lang='lat' dir='ltr'>fi</span> <span class='ocrx_word' id='word_1_37' title='bbox 1633 1059 1720 1150; x_wconf 90' lang='lat' dir='ltr'>quid</span> <span class='ocrx_word' id='word_1_38' title='bbox 1741 1065 1890 1156; x_wconf 83' lang='lat' dir='ltr'>amplius</span> 
     </span>
     <span class='ocr_line' id='line_1_6' title="bbox 702 1143 1889 1244; baseline -0.006 -20"><span class='ocrx_word' id='word_1_39' title='bbox 702 1152 747 1224; x_wconf 88' lang='lat' dir='ltr'>de</span> <span class='ocrx_word' id='word_1_40' title='bbox 764 1146 953 1244; x_wconf 77' lang='lat' dir='ltr'>ipfieame</span> <span class='ocrx_word' id='word_1_41' title='bbox 968 1143 1139 1238; x_wconf 85' lang='lat' dir='ltr'>requiret,</span> <span class='ocrx_word' id='word_1_42' title='bbox 1165 1163 1229 1234; x_wconf 90' lang='lat' dir='ltr'>pro</span> <span class='ocrx_word' id='word_1_43' title='bbox 1260 1143 1328 1215; x_wconf 88' lang='lat' dir='ltr'>mei</span> <span class='ocrx_word' id='word_1_44' title='bbox 1347 1143 1480 1236; x_wconf 88' lang='lat' dir='ltr'>ingenii</span> <span class='ocrx_word' id='word_1_45' title='bbox 1501 1145 1677 1240; x_wconf 75' lang='lat' dir='ltr'>parvitate</span> <span class='ocrx_word' id='word_1_46' title='bbox 1701 1153 1824 1232; x_wconf 68' lang='lat' dir='ltr'>lubens</span> <span class='ocrx_word' id='word_1_47' title='bbox 1850 1159 1889 1232; x_wconf 65' lang='lat' dir='ltr'>in</span> 
     </span>
     <span class='ocr_line' id='line_1_7' title="bbox 702 1233 1887 1332; baseline 0.012 -14"><span class='ocrx_word' id='word_1_48' title='bbox 702 1245 862 1318; x_wconf 82' lang='lat' dir='ltr'>omnibus</span> <span class='ocrx_word' id='word_1_49' title='bbox 879 1239 1057 1332; x_wconf 88' lang='lat' dir='ltr'>obsequar.</span> <span class='ocrx_word' id='word_1_50' title='bbox 1083 1237 1181 1312; x_wconf 81' lang='lat' dir='ltr'>Deus</span> <span class='ocrx_word' id='word_1_51' title='bbox 1197 1233 1246 1309; x_wconf 88' lang='lat' dir='ltr'>D.</span> <span class='ocrx_word' id='word_1_52' title='bbox 1271 1233 1317 1309; x_wconf 90' lang='lat' dir='ltr'>V.</span> <span class='ocrx_word' id='word_1_53' title='bbox 1335 1237 1547 1324; x_wconf 79' lang='lat' dir='ltr'>ineolumem</span> <span class='ocrx_word' id='word_1_54' title='bbox 1571 1244 1767 1328; x_wconf 85' lang='lat' dir='ltr'>conservet.</span> <span class='ocrx_word' id='word_1_55' title='bbox 1813 1250 1887 1330; x_wconf 85' lang='lat' dir='ltr'>Da·</span> 
     </span>
     <span class='ocr_line' id='line_1_8' title="bbox 703 1329 1880 1424; baseline -0.004 -9"><span class='ocrx_word' id='word_1_56' title='bbox 703 1360 780 1415; x_wconf 90' lang='lat' dir='ltr'>tum</span> <span class='ocrx_word' id='word_1_57' title='bbox 798 1337 969 1414; x_wconf 75' lang='lat' dir='ltr'>Bruaeilae</span> <span class='ocrx_word' id='word_1_58' title='bbox 986 1339 1020 1411; x_wconf 94' lang='lat'>8.</span> <span class='ocrx_word' id='word_1_59' title='bbox 1034 1329 1216 1409; x_wconf 73' lang='lat' dir='ltr'>Februarii</span> <span class='ocrx_word' id='word_1_60' title='bbox 1230 1353 1323 1406; x_wconf 87' lang='lat' dir='ltr'>anuo</span> <span class='ocrx_word' id='word_1_61' title='bbox 1343 1355 1448 1424; x_wconf 80' lang='lat'><strong>1550.</strong></span> <span class='ocrx_word' id='word_1_62' title='bbox 1873 1391 1880 1398; x_wconf 84' lang='lat'>-</span> 
     </span>
    </p>
   </div>
   <div class='ocr_carea' id='block_1_3' title="bbox 615 1521 1886 2084">
    <p class='ocr_par' dir='ltr' id='par_1_3' title="bbox 615 1521 1886 2084">
     <span class='ocr_line' id='line_1_9' title="bbox 755 1521 1885 1630; baseline 0.01 -26"><span class='ocrx_word' id='word_1_63' title='bbox 755 1553 789 1604; x_wconf 87' lang='lat'>1.</span> <span class='ocrx_word' id='word_1_64' title='bbox 810 1527 940 1602; x_wconf 85' lang='lat' dir='ltr'>Forma</span> <span class='ocrx_word' id='word_1_65' title='bbox 958 1524 1154 1600; x_wconf 89' lang='lat' dir='ltr'>celebrandi</span> <span class='ocrx_word' id='word_1_66' title='bbox 1173 1521 1382 1598; x_wconf 81' lang='lat' dir='ltr'>Conciliiex</span> <span class='ocrx_word' id='word_1_67' title='bbox 1399 1544 1500 1600; x_wconf 89' lang='lat' dir='ltr'>autea</span> <span class='ocrx_word' id='word_1_68' title='bbox 1513 1529 1695 1606; x_wconf 83' lang='lat' dir='ltr'>celebratis</span> <span class='ocrx_word' id='word_1_69' title='bbox 1711 1533 1885 1630; x_wconf 85' lang='lat' dir='ltr'>accipien-</span> 
     </span>
     <span class='ocr_line' id='line_1_10' title="bbox 700 1613 1886 1727; baseline 0.007 -27"><span class='ocrx_word' id='word_1_70' title='bbox 700 1627 748 1700; x_wconf 84' lang='lat' dir='ltr'>da</span> <span class='ocrx_word' id='word_1_71' title='bbox 763 1627 841 1699; x_wconf 88' lang='lat' dir='ltr'>erit.</span> <span class='ocrx_word' id='word_1_72' title='bbox 866 1623 917 1698; x_wconf 86' lang='lat' dir='ltr'>Et</span> <span class='ocrx_word' id='word_1_73' title='bbox 935 1621 1132 1714; x_wconf 87' lang='lat' dir='ltr'>quominus</span> <span class='ocrx_word' id='word_1_74' title='bbox 1146 1622 1297 1694; x_wconf 85' lang='lat' dir='ltr'>habeant</span> <span class='ocrx_word' id='word_1_75' title='bbox 1315 1613 1486 1698; x_wconf 78' lang='lat' dir='ltr'>Horetiti</span> <span class='ocrx_word' id='word_1_76' title='bbox 1495 1627 1591 1717; x_wconf 91' lang='lat' dir='ltr'>quod</span> <span class='ocrx_word' id='word_1_77' title='bbox 1607 1647 1774 1722; x_wconf 87' lang='lat' dir='ltr'>carpant,</span> <span class='ocrx_word' id='word_1_78' title='bbox 1793 1637 1886 1727; x_wconf 90' lang='lat' dir='ltr'>opti·</span> 
     </span>
     <span class='ocr_line' id='line_1_11' title="bbox 699 1713 1885 1816; baseline 0.008 -21"><span class='ocrx_word' id='word_1_79' title='bbox 699 1720 900 1804; x_wconf 75' lang='lat' dir='ltr'>nument,</span> <span class='ocrx_word' id='word_1_80' title='bbox 924 1739 1001 1792; x_wconf 88' lang='lat' dir='ltr'>eam</span> <span class='ocrx_word' id='word_1_81' title='bbox 1031 1713 1236 1789; x_wconf 87' lang='lat' dir='ltr'>confirmate</span> <span class='ocrx_word' id='word_1_82' title='bbox 1289 1717 1381 1790; x_wconf 85' lang='lat' dir='ltr'>otiue</span> <span class='ocrx_word' id='word_1_83' title='bbox 1405 1719 1584 1816; x_wconf 70' lang='lat' dir='ltr'>antiquis.</span> <span class='ocrx_word' id='word_1_84' title='bbox 1619 1723 1724 1815; x_wconf 75' lang='lat' dir='ltr'>quarn</span> <span class='ocrx_word' id='word_1_85' title='bbox 1751 1728 1885 1804; x_wconf 82' lang='lat' dir='ltr'>novitu-</span> 
     </span>
     <span class='ocr_line' id='line_1_12' title="bbox 699 1809 1882 1896; baseline 0.003 -4"><span class='ocrx_word' id='word_1_86' title='bbox 699 1819 778 1892; x_wconf 84' lang='lat' dir='ltr'>mis.</span> <span class='ocrx_word' id='word_1_87' title='bbox 804 1811 904 1888; x_wconf 81' lang='lat' dir='ltr'>Haec&#39;</span> <span class='ocrx_word' id='word_1_88' title='bbox 922 1811 989 1888; x_wconf 81' lang='lat' dir='ltr'>effe</span> <span class='ocrx_word' id='word_1_89' title='bbox 1011 1810 1121 1884; x_wconf 87' lang='lat' dir='ltr'>debet</span> <span class='ocrx_word' id='word_1_90' title='bbox 1145 1809 1247 1885; x_wconf 85' lang='lat' dir='ltr'>Ponti</span> <span class='ocrx_word' id='word_1_91' title='bbox 1272 1811 1322 1884; x_wconf 84' lang='lat' dir='ltr'>cis</span> <span class='ocrx_word' id='word_1_92' title='bbox 1347 1813 1384 1886; x_wconf 74' lang='grc' dir='ltr'>δι</span> <span class='ocrx_word' id='word_1_93' title='bbox 1409 1814 1647 1890; x_wconf 86' lang='lat' dir='ltr'>Cardinaliom</span> <span class='ocrx_word' id='word_1_94' title='bbox 1673 1814 1882 1896; x_wconf 84' lang='lat' dir='ltr'><strong>solicitudo:</strong></span> 
     </span>
     <span class='ocr_line' id='line_1_13' title="bbox 700 1905 1883 2008; baseline 0.008 -23"><span class='ocrx_word' id='word_1_95' title='bbox 700 1915 761 2008; x_wconf 90' lang='lat' dir='ltr'>qui</span> <span class='ocrx_word' id='word_1_96' title='bbox 779 1913 815 1984; x_wconf 93' lang='lat' dir='ltr'>in</span> <span class='ocrx_word' id='word_1_97' title='bbox 833 1911 902 1984; x_wconf 85' lang='lat' dir='ltr'>hoc</span> <span class='ocrx_word' id='word_1_98' title='bbox 930 1907 1085 1982; x_wconf 78' lang='lat' dir='ltr'>Praelatio</span> <span class='ocrx_word' id='word_1_99' title='bbox 1113 1907 1187 1984; x_wconf 79' lang='lat' dir='ltr'>aliie</span> <span class='ocrx_word' id='word_1_100' title='bbox 1212 1909 1256 1982; x_wconf 85' lang='lat' dir='ltr'>ad</span> <span class='ocrx_word' id='word_1_101' title='bbox 1279 1905 1479 1984; x_wconf 86' lang='lat' dir='ltr'>Concilium</span> <span class='ocrx_word' id='word_1_102' title='bbox 1506 1910 1662 1988; x_wconf 84' lang='lat' dir='ltr'>venturis</span> <span class='ocrx_word' id='word_1_103' title='bbox 1681 1913 1772 1994; x_wconf 87' lang='lat' dir='ltr'>viam</span> <span class='ocrx_word' id='word_1_104' title='bbox 1789 1939 1883 1995; x_wconf 89' lang='lat' dir='ltr'>tom·</span> 
     </span>
     <span class='ocr_line' id='line_1_14' title="bbox 615 2003 1094 2084; baseline -0.008 -2"><span class='ocrx_word' id='word_1_105' title='bbox 615 2043 619 2054; x_wconf 94' lang='lat'>·</span> <span class='ocrx_word' id='word_1_106' title='bbox 697 2007 887 2084; x_wconf 89' lang='lat' dir='ltr'>monstrare</span> <span class='ocrx_word' id='word_1_107' title='bbox 907 2003 1094 2080; x_wconf 87' lang='lat' dir='ltr'>debebunt.</span> 
     </span>
    </p>
   </div>
   <div class='ocr_carea' id='block_1_4' title="bbox 668 2188 1882 2868">
    <p class='ocr_par' dir='ltr' id='par_1_4' title="bbox 668 2188 1882 2868">
     <span class='ocr_line' id='line_1_15' title="bbox 668 2188 1882 2290; baseline 0.012 -20"><span class='ocrx_word' id='word_1_108' title='bbox 668 2221 672 2227; x_wconf 93' lang='lat'>·</span> <span class='ocrx_word' id='word_1_109' title='bbox 747 2217 779 2271; x_wconf 82' lang='lat' dir='ltr'>a.</span> <span class='ocrx_word' id='word_1_110' title='bbox 803 2193 1040 2290; x_wconf 83' lang='lat' dir='ltr'>Antiquiffima</span> <span class='ocrx_word' id='word_1_111' title='bbox 1056 2190 1217 2266; x_wconf 82' lang='lat' dir='ltr'>Cantilia</span> <span class='ocrx_word' id='word_1_112' title='bbox 1234 2213 1278 2266; x_wconf 89' lang='lat' dir='ltr'>ex</span> <span class='ocrx_word' id='word_1_113' title='bbox 1295 2188 1549 2289; x_wconf 80' lang='lat' dir='ltr'>Episcoporum</span> <span class='ocrx_word' id='word_1_114' title='bbox 1567 2192 1606 2270; x_wconf 75' lang='grc' dir='ltr'>δι</span> <span class='ocrx_word' id='word_1_115' title='bbox 1622 2195 1882 2284; x_wconf 82' lang='lat' dir='ltr'>Ecclefiastito·</span> 
     </span>
     <span class='ocr_line' id='line_1_16' title="bbox 695 2289 1881 2385; baseline 0.002 -16"><span class='ocrx_word' id='word_1_116' title='bbox 695 2315 774 2370; x_wconf 88' lang='lat' dir='ltr'>rum</span> <span class='ocrx_word' id='word_1_117' title='bbox 792 2289 994 2366; x_wconf 85' lang='lat' dir='ltr'>constabant</span> <span class='ocrx_word' id='word_1_118' title='bbox 1017 2291 1311 2384; x_wconf 77' lang='lat' dir='ltr'>congregatione:</span> <span class='ocrx_word' id='word_1_119' title='bbox 1337 2291 1465 2384; x_wconf 78' lang='lat' dir='ltr'>quium</span> <span class='ocrx_word' id='word_1_120' title='bbox 1489 2289 1723 2385; x_wconf 71' lang='lat' dir='ltr'>Imperatores</span> <span class='ocrx_word' id='word_1_121' title='bbox 1746 2321 1881 2380; x_wconf 71' lang='lat' dir='ltr'>veteres</span> 
     </span>
     <span class='ocr_line' id='line_1_17' title="bbox 695 2383 1882 2507; baseline 0.001 -43"><span class='ocrx_word' id='word_1_122' title='bbox 695 2388 796 2464; x_wconf 85' lang='lat' dir='ltr'>suum</span> <span class='ocrx_word' id='word_1_123' title='bbox 808 2385 967 2462; x_wconf 82' lang='lat' dir='ltr'>favorem</span> <span class='ocrx_word' id='word_1_124' title='bbox 982 2387 1309 2482; x_wconf 85' lang='lat' dir='ltr'>promotionemque</span> <span class='ocrx_word' id='word_1_125' title='bbox 1326 2383 1494 2496; x_wconf 76' lang='lat' dir='ltr'>impertiri</span> <span class='ocrx_word' id='word_1_126' title='bbox 1515 2385 1782 2502; x_wconf 79' lang='lat' dir='ltr'>consueverunt.</span> <span class='ocrx_word' id='word_1_127' title='bbox 1808 2393 1882 2507; x_wconf 75' lang='lat' dir='ltr'>Eo·</span> 
     </span>
     <span class='ocr_line' id='line_1_18' title="bbox 696 2475 1878 2672; baseline 0.009 -19"><span class='ocrx_word' id='word_1_128' title='bbox 696 2475 1878 2672; x_wconf 57' lang='lat' dir='ltr'>{iiiiiuii‘iriiiii&#39;iiiffi‘nfiiiiiiiffiiiii&#39;np‘aiiiii</span> 
     </span>
     <span class='ocr_line' id='line_1_19' title="bbox 695 2667 1879 2770; baseline 0.011 -22"><span class='ocrx_word' id='word_1_129' title='bbox 695 2695 772 2748; x_wconf 89' lang='lat' dir='ltr'>rom</span> <span class='ocrx_word' id='word_1_130' title='bbox 792 2671 924 2747; x_wconf 82' lang='lat' dir='ltr'>Primae</span> <span class='ocrx_word' id='word_1_131' title='bbox 938 2669 1111 2760; x_wconf 84' lang='lat' dir='ltr'>censetur,</span> <span class='ocrx_word' id='word_1_132' title='bbox 1135 2667 1183 2744; x_wconf 86' lang='lat' dir='ltr'>fic</span> <span class='ocrx_word' id='word_1_133' title='bbox 1200 2668 1238 2741; x_wconf 87' lang='lat'>&amp;</span> <span class='ocrx_word' id='word_1_134' title='bbox 1255 2669 1332 2744; x_wconf 85' lang='lat' dir='ltr'>Rex</span> <span class='ocrx_word' id='word_1_135' title='bbox 1347 2670 1418 2746; x_wconf 87' lang='lat' dir='ltr'>five</span> <span class='ocrx_word' id='word_1_136' title='bbox 1434 2673 1627 2770; x_wconf 87' lang='lat' dir='ltr'>imperator</span> <span class='ocrx_word' id='word_1_137' title='bbox 1642 2673 1879 2762; x_wconf 83' lang='lat' dir='ltr'>Romanorum</span> 
     </span>
     <span class='ocr_line' id='line_1_20' title="bbox 693 2765 1534 2868; baseline -0.002 -22"><span class='ocrx_word' id='word_1_138' title='bbox 693 2769 730 2846; x_wconf 90' lang='lat' dir='ltr'>iu</span> <span class='ocrx_word' id='word_1_139' title='bbox 746 2768 808 2844; x_wconf 89' lang='lat' dir='ltr'>suo</span> <span class='ocrx_word' id='word_1_140' title='bbox 825 2767 948 2844; x_wconf 86' lang='lat' dir='ltr'>ordine</span> <span class='ocrx_word' id='word_1_141' title='bbox 964 2767 1084 2842; x_wconf 87' lang='lat' dir='ltr'>eadem</span> <span class='ocrx_word' id='word_1_142' title='bbox 1102 2765 1313 2840; x_wconf 77' lang='lat' dir='ltr'>authoritate</span> <span class='ocrx_word' id='word_1_143' title='bbox 1329 2765 1534 2868; x_wconf 82' lang='lat' dir='ltr'>perfulgeat.</span> 
     </span>
    </p>
   </div>
   <div class='ocr_carea' id='block_1_5' title="bbox 743 2953 1878 3134">
    <p class='ocr_par' dir='ltr' id='par_1_5' title="bbox 743 2953 1878 3134">
     <span class='ocr_line' id='line_1_21' title="bbox 743 2953 1878 3134; baseline 0.018 -106"><span class='ocrx_word' id='word_1_144' title='bbox 743 2975 777 3047; x_wconf 81' lang='lat'>3.</span> <span class='ocrx_word' id='word_1_145' title='bbox 802 2953 972 3032; x_wconf 80' lang='lat' dir='ltr'>Haretici</span> <span class='ocrx_word' id='word_1_146' title='bbox 994 2974 1163 3032; x_wconf 90' lang='lat' dir='ltr'>conantur</span> <span class='ocrx_word' id='word_1_147' title='bbox 1184 2955 1429 3032; x_wconf 77' lang='lat' dir='ltr'>authoritatem</span> <span class='ocrx_word' id='word_1_148' title='bbox 1458 2963 1694 3134; x_wconf 53' lang='lat' dir='ltr'>⁶⁰¹¹⁸¹essgf¹cdi</span> <span class='ocrx_word' id='word_1_149' title='bbox 1725 2966 1878 3048; x_wconf 83' lang='lat' dir='ltr'>Concilii</span> 
     </span>
    </p>
   </div>
   <div class='ocr_carea' id='block_1_6' title="bbox 619 3051 1873 3824">
    <p class='ocr_par' dir='ltr' id='par_1_6' title="bbox 619 3051 1873 3824">
     <span class='ocr_line' id='line_1_22' title="bbox 619 3051 1873 3162; baseline 0.009 -34"><span class='ocrx_word' id='word_1_150' title='bbox 619 3089 624 3100; x_wconf 93' lang='lat'><strong>·</strong></span> <span class='ocrx_word' id='word_1_151' title='bbox 694 3052 740 3128; x_wconf 82' lang='lat' dir='ltr'>ab</span> <span class='ocrx_word' id='word_1_152' title='bbox 755 3051 852 3148; x_wconf 84' lang='lat' dir='ltr'>Papa</span> <span class='ocrx_word' id='word_1_153' title='bbox 872 3053 917 3125; x_wconf 89' lang='lat' dir='ltr'>ad</span> <span class='ocrx_word' id='word_1_154' title='bbox 938 3055 1208 3148; x_wconf 82' lang='lat' dir='ltr'>imperatorem,</span> <span class='ocrx_word' id='word_1_155' title='bbox 1231 3052 1268 3126; x_wconf 82' lang='grc' dir='ltr'>δι</span> <span class='ocrx_word' id='word_1_156' title='bbox 1293 3051 1337 3126; x_wconf 89' lang='lat' dir='ltr'>ab</span> <span class='ocrx_word' id='word_1_157' title='bbox 1358 3051 1514 3128; x_wconf 86' lang='lat' dir='ltr'>Eccleiia</span> <span class='ocrx_word' id='word_1_158' title='bbox 1532 3060 1575 3132; x_wconf 88' lang='lat' dir='ltr'>ad</span> <span class='ocrx_word' id='word_1_159' title='bbox 1659 3064 1790 3138; x_wconf 89' lang='lat' dir='ltr'>ularern</span> <span class='ocrx_word' id='word_1_160' title='bbox 1808 3087 1873 3162; x_wconf 91' lang='lat' dir='ltr'>po·</span> 
     </span>
     <span class='ocr_line' id='line_1_23' title="bbox 694 3145 1872 3240; baseline 0.011 -17"><span class='ocrx_word' id='word_1_161' title='bbox 694 3145 852 3223; x_wconf 85' lang='lat' dir='ltr'>testatem</span> <span class='ocrx_word' id='word_1_162' title='bbox 878 3149 1075 3223; x_wconf 72' lang='lat' dir='ltr'>transferre.</span> <span class='ocrx_word' id='word_1_163' title='bbox 1121 3149 1192 3221; x_wconf 89' lang='lat' dir='ltr'>Sed</span> <span class='ocrx_word' id='word_1_164' title='bbox 1219 3169 1285 3220; x_wconf 89' lang='lat' dir='ltr'>nec</span> <span class='ocrx_word' id='word_1_165' title='bbox 1306 3151 1384 3240; x_wconf 84' lang='lat' dir='ltr'>jure</span> <span class='ocrx_word' id='word_1_166' title='bbox 1408 3146 1488 3224; x_wconf 83' lang='lat' dir='ltr'>satis</span> <span class='ocrx_word' id='word_1_167' title='bbox 1513 3146 1658 3230; x_wconf 88' lang='lat' dir='ltr'>fundata</span> <span class='ocrx_word' id='word_1_168' title='bbox 1683 3155 1733 3232; x_wconf 86' lang='lat' dir='ltr'>est</span> <span class='ocrx_word' id='word_1_169' title='bbox 1752 3182 1872 3236; x_wconf 90' lang='lat' dir='ltr'>eorum</span> 
     </span>
     <span class='ocr_line' id='line_1_24' title="bbox 695 3239 1873 3341; baseline 0.01 -23"><span class='ocrx_word' id='word_1_170' title='bbox 695 3247 862 3328; x_wconf 85' lang='lat' dir='ltr'>intentio,</span> <span class='ocrx_word' id='word_1_171' title='bbox 887 3267 953 3319; x_wconf 90' lang='lat' dir='ltr'>uec</span> <span class='ocrx_word' id='word_1_172' title='bbox 979 3245 1023 3318; x_wconf 91' lang='lat' dir='ltr'>de</span> <span class='ocrx_word' id='word_1_173' title='bbox 1053 3243 1145 3316; x_wconf 77' lang='lat' dir='ltr'>fatto</span> <span class='ocrx_word' id='word_1_174' title='bbox 1164 3239 1340 3318; x_wconf 82' lang='lat' dir='ltr'>subsistere</span> <span class='ocrx_word' id='word_1_175' title='bbox 1365 3246 1515 3341; x_wconf 88' lang='lat' dir='ltr'>poterit:</span> <span class='ocrx_word' id='word_1_176' title='bbox 1540 3271 1621 3322; x_wconf 87' lang='lat' dir='ltr'>cum</span> <span class='ocrx_word' id='word_1_177' title='bbox 1647 3250 1700 3324; x_wconf 83' lang='lat' dir='ltr'>Im</span> <span class='ocrx_word' id='word_1_178' title='bbox 1727 3257 1792 3328; x_wconf 88' lang='lat' dir='ltr'>erii</span> <span class='ocrx_word' id='word_1_179' title='bbox 1814 3279 1873 3330; x_wconf 91' lang='lat' dir='ltr'>au·</span> 
     </span>
     <span class='ocr_line' id='line_1_25' title="bbox 698 3277 1872 3446; baseline 0.01 -31"><span class='ocrx_word' id='word_1_180' title='bbox 698 3338 845 3416; x_wconf 80' lang='lat' dir='ltr'>thoritae</span> <span class='ocrx_word' id='word_1_181' title='bbox 866 3339 911 3410; x_wconf 88' lang='lat' dir='ltr'>ad</span> <span class='ocrx_word' id='word_1_182' title='bbox 935 3341 1020 3412; x_wconf 82' lang='lat' dir='ltr'>duas</span> <span class='ocrx_word' id='word_1_183' title='bbox 1046 3357 1181 3412; x_wconf 87' lang='lat' dir='ltr'>tanturn</span> <span class='ocrx_word' id='word_1_184' title='bbox 1206 3336 1537 3446; x_wconf 30' lang='lat' dir='ltr'>nationesurestriCia</span> <span class='ocrx_word' id='word_1_185' title='bbox 1564 3342 1626 3433; x_wconf 87' lang='lat' dir='ltr'>fit,</span> <span class='ocrx_word' id='word_1_186' title='bbox 1650 3277 1803 3422; x_wconf 62' lang='lat' dir='ltr'>raficam</span> <span class='ocrx_word' id='word_1_187' title='bbox 1833 3353 1872 3428; x_wconf 77' lang='grc' dir='ltr'>δι’</span> 
     </span>
     <span class='ocr_line' id='line_1_26' title="bbox 697 3429 1869 3538; baseline 0.012 -33"><span class='ocrx_word' id='word_1_188' title='bbox 697 3429 952 3508; x_wconf 87' lang='lat' dir='ltr'>Germanicam.</span> <span class='ocrx_word' id='word_1_189' title='bbox 977 3431 1060 3505; x_wconf 92' lang='lat' dir='ltr'>Nec</span> <span class='ocrx_word' id='word_1_190' title='bbox 1083 3435 1119 3506; x_wconf 90' lang='lat' dir='ltr'>in</span> <span class='ocrx_word' id='word_1_191' title='bbox 1135 3433 1204 3512; x_wconf 89' lang='lat' dir='ltr'>hoc</span> <span class='ocrx_word' id='word_1_192' title='bbox 1231 3430 1444 3527; x_wconf 77' lang='lat' dir='ltr'>Hispanico,</span> <span class='ocrx_word' id='word_1_193' title='bbox 1471 3433 1629 3526; x_wconf 86' lang='lat' dir='ltr'>Gallica,</span> <span class='ocrx_word' id='word_1_194' title='bbox 1653 3441 1869 3538; x_wconf 88' lang='lat' dir='ltr'>Anglicana,</span> 
     </span>
     <span class='ocr_line' id='line_1_27' title="bbox 692 3525 1871 3629; baseline 0.01 -28"><span class='ocrx_word' id='word_1_195' title='bbox 692 3527 924 3622; x_wconf 85' lang='lat' dir='ltr'>Hungarica,</span> <span class='ocrx_word' id='word_1_196' title='bbox 949 3525 1137 3614; x_wconf 83' lang='lat' dir='ltr'>Polouica,</span> <span class='ocrx_word' id='word_1_197' title='bbox 1170 3549 1212 3601; x_wconf 89' lang='lat' dir='ltr'>ac</span> <span class='ocrx_word' id='word_1_198' title='bbox 1235 3525 1565 3623; x_wconf 80' lang='lat' dir='ltr'>septentrionalium</span> <span class='ocrx_word' id='word_1_199' title='bbox 1594 3533 1794 3629; x_wconf 83' lang='lat' dir='ltr'>Regnorum</span> <span class='ocrx_word' id='word_1_200' title='bbox 1813 3561 1871 3612; x_wconf 88' lang='lat' dir='ltr'>na·</span> 
     </span>
     <span class='ocr_line' id='line_1_28' title="bbox 692 3621 1871 3724; baseline 0.015 -30"><span class='ocrx_word' id='word_1_201' title='bbox 692 3624 804 3696; x_wconf 82' lang='lat' dir='ltr'>tionea</span> <span class='ocrx_word' id='word_1_202' title='bbox 831 3621 1082 3719; x_wconf 82' lang='lat' dir='ltr'>Imperatorum</span> <span class='ocrx_word' id='word_1_203' title='bbox 1108 3621 1178 3698; x_wconf 90' lang='lat' dir='ltr'>sese</span> <span class='ocrx_word' id='word_1_204' title='bbox 1201 3625 1326 3698; x_wconf 87' lang='lat' dir='ltr'>volent</span> <span class='ocrx_word' id='word_1_205' title='bbox 1349 3622 1516 3720; x_wconf 84' lang='lat' dir='ltr'>subjicere</span> <span class='ocrx_word' id='word_1_206' title='bbox 1543 3628 1800 3724; x_wconf 70' lang='lat' dir='ltr'>jurisdictioni,</span> <span class='ocrx_word' id='word_1_207' title='bbox 1831 3633 1871 3712; x_wconf 71' lang='grc' dir='ltr'>ἃ</span> 
     </span>
     <span class='ocr_line' id='line_1_29' title="bbox 693 3715 1776 3824; baseline 0.006 -28"><span class='ocrx_word' id='word_1_208' title='bbox 693 3715 915 3796; x_wconf 78' lang='lat' dir='ltr'>Germanica</span> <span class='ocrx_word' id='word_1_209' title='bbox 930 3719 1063 3795; x_wconf 90' lang='lat' dir='ltr'>nationi</span> <span class='ocrx_word' id='word_1_210' title='bbox 1076 3718 1273 3814; x_wconf 86' lang='lat' dir='ltr'>hujusmodi</span> <span class='ocrx_word' id='word_1_211' title='bbox 1293 3723 1485 3797; x_wconf 82' lang='lat' dir='ltr'>concedere</span> <span class='ocrx_word' id='word_1_212' title='bbox 1501 3729 1776 3824; x_wconf 74' lang='lat' dir='ltr'>prerogativam.</span> 
     </span>
    </p>
   </div>
   <div class='ocr_carea' id='block_1_7' title="bbox 686 3906 1870 4314">
    <p class='ocr_par' dir='ltr' id='par_1_7' title="bbox 686 3906 1870 4314">
     <span class='ocr_line' id='line_1_30' title="bbox 738 3906 1870 4094; baseline 0.007 -109"><span class='ocrx_word' id='word_1_213' title='bbox 738 3931 776 4001; x_wconf 83' lang='lat'>4.</span> <span class='ocrx_word' id='word_1_214' title='bbox 797 3906 857 3984; x_wconf 89' lang='lat' dir='ltr'>De</span> <span class='ocrx_word' id='word_1_215' title='bbox 872 3925 1026 3986; x_wconf 88' lang='lat' dir='ltr'>veterum</span> <span class='ocrx_word' id='word_1_216' title='bbox 1045 3909 1286 3986; x_wconf 75' lang='lat' dir='ltr'>conciliorum</span> <span class='ocrx_word' id='word_1_217' title='bbox 1302 3910 1463 4007; x_wconf 84' lang='lat' dir='ltr'>origine,</span> <span class='ocrx_word' id='word_1_218' title='bbox 1479 3913 1737 4009; x_wconf 82' lang='lat' dir='ltr'>celebratione,</span> <span class='ocrx_word' id='word_1_219' title='bbox 1752 3942 1870 4094; x_wconf 49' lang='lat' dir='ltr'>mu·</span> 
     </span>
     <span class='ocr_line' id='line_1_31' title="bbox 1839 4039 1867 4092; baseline 0 -16"><span class='ocrx_word' id='word_1_220' title='bbox 1839 4039 1867 4092; x_wconf 72' lang='grc' dir='ltr'>ι.</span> 
     </span>
     <span class='ocr_line' id='line_1_32' title="bbox 686 4113 1867 4314; baseline 0.013 -89"><span class='ocrx_word' id='word_1_221' title='bbox 686 4113 1020 4314; x_wconf 26' lang='lat' dir='ltr'>&amp;fficium</span> <span class='ocrx_word' id='word_1_222' title='bbox 1032 4155 1178 4247; x_wconf 73' lang='lat' dir='ltr'>ornus]</span> <span class='ocrx_word' id='word_1_223' title='bbox 1198 4157 1375 4250; x_wconf 73' lang='lat' dir='ltr'>nuruppur</span> <span class='ocrx_word' id='word_1_224' title='bbox 1393 4161 1505 4252; x_wconf 76' lang='lat' dir='ltr'>nrgn</span> <span class='ocrx_word' id='word_1_225' title='bbox 1524 4163 1570 4235; x_wconf 89' lang='lat' dir='ltr'>v.</span> <span class='ocrx_word' id='word_1_226' title='bbox 1590 4167 1678 4239; x_wconf 74' lang='lat' dir='ltr'>nn.</span> <span class='ocrx_word' id='word_1_227' title='bbox 1693 4169 1737 4242; x_wconf 71' lang='lat' dir='ltr'>aa</span> <span class='ocrx_word' id='word_1_228' title='bbox 1748 4169 1867 4240; x_wconf 74' lang='lat' dir='ltr'>vitan</span> 
     </span>
    </p>
   </div>
   <div class='ocr_carea' id='block_1_8' title="bbox 689 4321 1867 4496">
    <p class='ocr_par' dir='ltr' id='par_1_8' title="bbox 689 4321 1867 4496">
     <span class='ocr_line' id='line_1_33' title="bbox 689 4321 1867 4496; baseline 0.008 -97"><span class='ocrx_word' id='word_1_229' title='bbox 689 4322 797 4496; x_wconf 50' lang='lat'>1⁵22)</span> <span class='ocrx_word' id='word_1_230' title='bbox 820 4321 1029 4412; x_wconf 60' lang='lat' dir='ltr'>rannerus</span> <span class='ocrx_word' id='word_1_231' title='bbox 1044 4321 1161 4413; x_wconf 63' lang='lat' dir='ltr'>nolim]</span> <span class='ocrx_word' id='word_1_232' title='bbox 1181 4323 1230 4401; x_wconf 82' lang='lat' dir='ltr'>V.</span> <span class='ocrx_word' id='word_1_233' title='bbox 1251 4325 1326 4415; x_wconf 75' lang='lat' dir='ltr'>sup.</span> <span class='ocrx_word' id='word_1_234' title='bbox 1349 4327 1394 4399; x_wconf 85' lang='lat' dir='ltr'>ad</span> <span class='ocrx_word' id='word_1_235' title='bbox 1408 4325 1514 4419; x_wconf 75' lang='lat' dir='ltr'>apta.</span> <span class='ocrx_word' id='word_1_236' title='bbox 1538 4327 1867 4424; x_wconf 76' lang='lat' dir='ltr'>darmennpriur</span> 
     </span>
    </p>
   </div>
   <div class='ocr_carea' id='block_1_9' title="bbox 0 0 2310 5850">
    <p class='ocr_par' dir='ltr' id='par_1_9' title="bbox 0 0 2310 5850">
     <span class='ocr_line' id='line_1_34' title="bbox 0 0 2310 5850; baseline 0 0"><span class='ocrx_word' id='word_1_237' title='bbox 0 0 2310 5850; x_wconf 95' lang='lat' dir='ltr'> </span> 
     </span>
    </p>
   </div>
  </div>
 </body>
</html>
