4882 5804
710 591 1049 714 172V1GL11
1080 621 1147 688 aa
1177 591 1439 688 AYTTA
1467 593 1831 696 Z'UICHEMI

707 795 825 870 adhuc
850 796 936 870 citra
960 819 1074 870 meum
1103 794 1176 870 sum
1202 796 1394 882 damnum,
1432 819 1647 895 quapropter
1672 825 1741 875 non
1767 803 1814 876 est
1838 826 1908 877 cur

708 917 764 966 me
778 894 889 966 exacti
907 894 966 967 hic
983 897 1148 988 temporis
1167 897 1358 990 poeniteat,
1384 893 1442 968 sed
1457 894 1563 968 futuri
1578 919 1689 971 metue
1705 901 1902 994 compellit,

708 1009 748 1062 ut
772 991 842 1064 alio
867 987 1069 1084 respiciam,
1094 992 1188 1062 acin
1207 989 1373 1062 sedatiore
1391 993 1533 1084 regione
1548 989 1720 1066 fortunam
1737 1017 1901 1090 quaeram.

711 1087 797 1180 Quo
817 1109 872 1159 me
892 1104 1004 1158 tamen
1027 1087 1235 1180 potiffimum
1261 1089 1326 1160 hac
1344 1088 1545 1180 tempestate
1563 1111 1785 1177 convertam,
1809 1093 1907 1162 haud'

711 1183 791 1256 satis
809 1181 929 1255 video.
980 1179 1107 1256 Habeo
1128 1185 1218 1256 enim
1232 1205 1322 1279 quos
1339 1182 1491 1277 fugiam,
1517 1209 1604 1280 quos
1624 1185 1746 1283 sequar
1761 1209 1832 1258 non
1846 1188 1910 1258 ha·

711 1279 806 1364 beo,
831 1299 871 1352 ut
894 1279 1073 1353 illedixit:
1099 1279 1238 1372 quando
1258 1279 1296 1351 iti
1316 1275 1436 1352 fatales
1461 1282 1599 1374 quidam
1619 1283 1698 1356 sunt
1716 1286 1882 1356 tumultus
1891 1321 1908 1364 ,1

712 1375 840 1472 quibus
867 1394 942 1449 tora
974 1377 1052 1447 haec
1078 1371 1194 1447 nostra
1219 1375 1314 1448 orbis
1341 1379 1444 1472 plaga
1467 1381 1676 1452 concutitur.
1735 1381 1902 1452 Attamen
1970 1401 1975 1410 ·

712 1473 773 1546 hic
794 1470 984 1564 perdurare
1012 1491 1146 1542 certum
1164 1472 1212 1544 est
1228 1471 1343 1566 quoad
1366 1495 1430 1566 per
1446 1474 1583 1547 hostiles
1602 1478 1751 1570 impetus
1775 1474 1906 1548 licebit.
1992 1511 1997 1516 ·

714 1567 885 1641 Ostendet
911 1587 1023 1638 autem
1054 1565 1153 1638 Deus
1184 1565 1326 1642 fotfitan
1360 1572 1509 1662 aliquem
1538 1569 1669 1658 finem,
1704 1593 1763 1645 aut
1794 1573 1907 1666 aliqua

714 1664 874 1758 obtinget
891 1665 1012 1758 melior
1035 1663 1214 1748 conditio,
1238 1664 1401 1759 adquam
1423 1684 1501 1736 tuus
1521 1667 1606 1738 mihi
1627 1666 1727 1740 favor
1741 1689 1811 1740 non
1831 1669 1914 1739 teve

715 1763 813 1836 isthic
836 1757 1036 1853 suffragium
1055 1755 1146 1832 ferre
1170 1759 1292 1854 potest.
1344 1759 1585 1852 Quamobrem
1615 1780 1707 1834 tuam
1732 1751 1920 1856 Amplitn'-n

715 1859 831 1932 dinem
857 1855 958 1929 etiam
983 1873 1087 1949 atque
1112 1855 1214 1928 etiam
1246 1875 1359 1950 rogo,
1392 1877 1431 1928 ut
1462 1855 1570 1929 nostri
1601 1878 1665 1948 per
1694 1856 1926 1932 occasionem

559 2009 578 2026 ..
715 1954 920 2028 memineris.
979 1949 1074 2023 Bene
1098 1954 1186 2026 vale.
1227 1949 1286 2024 Ex
1310 1949 1498 2027 Dulmania
1527 1974 1562 2029 v.
1587 1951 1795 2028 Decembris
1818 1967 1924 2028 anno?

720 2070 823 2146 1534·

903 2271 1412 2366 EPIST'OLA
1467 2272 1701 2372 LVIII.

756 2479 1143 2575 UDALRICO
1200 2477 1769 2574 LANGEMANTEL
1796 2484 1888 2592 (1)

651 2735 660 2758 ·
720 2689 983 2924 Elseguntibus
1009 2687 1143 2778 uerbis
1170 2697 1323 2806 expetit
1356 2687 1490 2784 Uirict'
1517 2693 1730 2776 amititam.
1788 2687 1919 2776 Hane

796 2839 821 2893 a

820 2814 980 2924 pienter
996 2805 1182 2920 depingit.
1244 2803 1383 2896 Cicero
1405 2829 1485 2917 quo
1502 2803 1856 2892 modo-imitandus.

724 3016 965 3182 EQnidem,
991 3013 1193 3089 ornatiffime
1207 3015 1334 3101 write,
1358 3013 1543 3088 candorem
1559 3032 1657 3086 tuum
1677 3037 1747 3086 non
1765 3015 1918 3108 ignoro,

817 3115 878 3200 &,
903 3125 973 3207 qua
998 3135 1079 3206 erga
1102 3134 1157 3183 tne
1178 3110 1311 3206 semper
1330 3107 1435 3182 fueris
1453 3106 1731 3193 benevolentia,¹
1749 3108 1826 3182 satis
1846 3133 1917 3181 me·

696 3231 711 3264 ⁸
726 3211 829 3296 mini,
847 3207 1022 3305 quaemihi
1033 3230 1075 3280 eo
1089 3205 1157 3280 fuit
1174 3208 1327 3302 gratior,
1346 3230 1419 3303 quo
1437 3207 1526 3280 rein
1545 3203 1809 3280 familiar-itatem
1827 3227 1918 3316 pau·

1805 3323 1919 3376 mores

773 3477 836 3564 (1)
864 3475 1003 3544 Uaatmo
1026 3476 1266 3561 Langentantel]
1293 3475 1326 3540 Is
1358 3472 1523 3558 patricius
1548 3471 1780 3556 AugustanuS,
1800 3474 1930 3542 sodalis·

735 3559 830 3646 Viglii
849 3561 914 3628 fuit
928 3561 963 3624 in
982 3560 1133 3628 Patauio.
1175 3559 1246 3626 Hic
1263 3559 1391 3626 dicitur
1410 3557 1554 3624 Suevus.
1595 3559 1687 3623 Cum
1713 3559 1786 3642 ejus
1813 3559 1919 3625 fratre

731 3645 890 3713 Lemurdo
908 3644 974 3710 fuit
989 3642 1038 3710 illi
1062 3645 1166 3730 longa
1190 3641 1457 3735 consuetudo-in
1482 3639 1594 3705 Gallia
1620 3636 1678 3708 sub
1702 3657 1921 3725 praeceptore

733 3729 870 3808 Alcime,
892 3727 1127 3809 amicitiaque,
1143 3727 1318 3794 communi
1330 3723 1517 3790 studiorum
1534 3724 1731 3802 occasione,
1752 3725 1928 3791 arciissima

734 3814 904 3880 intereos
927 3809 1129 3888 intercessit,
1159 3812 1217 3892 qui
1239 3808 1282 3875 ad
1308 3807 1421 3903 forum
1444 3807 1480 3873 δι
1504 3810 1642 3956 ηεᾷοᾱα
1670 3805 1863 3884 transsatus,
1885 3809 1920 3870 in

736 3897 845 3963 Ducis
876 3895 1027 3960 Bavariae
1059 3893 1235 3959 confilium
1258 3889 1405 3958 adscitos
1428 3887 1506 3956 fun.
1575 3911 1632 3958 om.
1653 3911 1684 3959 a.
1699 3909 1734 3976 p.
1755 3911 1830 3974 204.
1849 3891 1921 3956 vso.

736 3979 816 4046 Nec
841 3977 976 4044 Uineum
996 3977 1136 4042 minoris
1155 3975 1254 4049 fecit,
1279 3991 1381 4058 quem
1405 3972 1447 4039 ad
1469 3971 1633 4038 Hearieant
1652 3977 1768 4051 illum,
1789 3977 1930 4057 dequo·

738 4060 818 4139 hie,
837 4060 1004 4135 scribens,
1025 4059 1079 4124 his·
1095 4059 1209 4128 verbis
1237 4057 1375 4124 salutat:
1395 4054 1509 4137 Noster
1528 4055 1669 4124 Uenatus
1691 4057 1923 4140 Langemnntel-

738 4145 804 4222 ius,
826 4151 857 4228 ip
869 4141 980 4225 rffimus
994 4148 1132 4208 anritirr'ae
1150 4142 1275 4216 tendor,
1295 4141 1369 4225 quiri
1386 4145 1468 4223 agit,
1488 4140 1562 4221 quid
1577 4141 1683 4217 valer,
1703 4161 1744 4204 aa
1762 4139 1852 4224 potest
1867 4144 1924 4202 mei

738 4227 835 4294 oblini
849 4232 894 4290 ci?
914 4225 998 4292 ibid.
1019 4245 1054 4310 p.
1076 4243 1150 4374 Ὗ.
1171 4226 1244 4310 Qui
1257 4225 1319 4291 hos
1338 4222 1462 4289 fratres
1481 4224 1623 4307 propius
1642 4219 1734 4289 noss'e
1744 4225 1858 4297 volet,
1870 4223 1926 4316 vi·

739 4311 821 4377 deat
841 4309 1053 4376 cartemianum
1070 4309 1105 4374 K
1121 4331 1181 4383 aaa
1196 4315 1228 4372 in
1240 4307 1401 4373 Hierureh.
1422 4304 1547 4388 August.
1561 4319 1646 4390 porr.
1669 4323 1697 4371 1.
1717 4324 1749 4392 p.
1770 4321 1844 4392 334.
1863 4305 1933 4372 Vt*

739 4393 784 4460 de
804 4409 940 4476 quoque
959 4392 1002 4460 de
1019 4392 1166 4476 quodam
1197 4391 1299 4459 Uirrio
1327 4389 1587 4474 Lungnaontetio,
1609 4387 1706 4472 hujus
1735 4405 1833 4473 patre
1866 4405 1925 4455 aut

737 4478 888 4565 patruo,
901 4475 1142 4547 Freientmrer.
1157 4473 1264 4546 Genu.
1287 4489 1357 4545 tom.
1381 4491 1411 4558 3.
1427 4492 1464 4561 p.
1478 4475 1552 4544 ati.
1564 4477 1596 4543 ia
1611 4471 1755 4543 anexeo.
1767 4485 1818 4541 en.
1832 4489 1937 4558 rm.
