4882 5804
551 596 750 755 urrs'u
777 647 1088 752 surmcrm
1114 677 1183 750 ln
1210 652 1544 762 urvuruos.
1570 684 1653 757 ω
1933 783 1938 790 .

538 878 1050 980 uursroutt
1133 872 1549 988 uxxvrrt
1671 884 1804 1030 lec

503 1105 1038 1205 Huuurrrro
1126 1097 1587 1226 merrom
1671 1039 1820 1124 Μ’·

444 1334 556 1455 Ejus
587 1330 872 1540 &001²de
908 1336 1115 1538 wigoti·
1129 1333 1310 1537 lyram
1331 1335 1519 1475 &cumr
1537 1334 1644 1462 basto
1698 1336 1803 1437 ¹536·
1873 1477 1884 1502 .

501 1449 1587 1682 'birldlilb'lilliilciililii*
1633 1679 1638 1688 ,

511 1782 596 1864 ΕΠὲ
610 1807 670 1861 me
688 1781 826 1861 Hercle
843 1780 947 1860 diloir
965 1803 1044 1881 quae
1052 1782 1262 1882 objeceram.
1314 1777 1475 1860 Omnino
1495 1781 1645 1864 arbitror

533 1903 569 1959 te
584 1885 621 1958 iu
636 1879 718 1958 foro
737 1879 805 1958 isto
829 1879 950 1958 vestro
967 1881 1038 1956 hoc
1063 1879 1201 1958 deiide
1217 1881 1452 1977 patrocinium
1470 1879 1638 1962 didicilse.

437 1979 583 2075 Atque,
613 1981 664 2060 mi
684 1979 870 2064 Hadriam,
893 1998 961 2056 cur
986 1996 1027 2052 ru
1048 1996 1085 2053 te
1112 1979 1252 2054 tandem
1273 1975 1515 2075 ad'garrulam
1538 1975 1638 2054 istem

441 2074 639 2152 tabularum
687 2071 887 2150 societatem
933 2071 1140 2164 contulisti,
1188 2070 1216 2146 fi
1268 2074 1357 2148 adeo
1379 2093 1382 2098 ·
1406 2072 1474 2148 tibi
1518 2075 1638 2171 placet

443 2168 698 2266 «ingenerauit
715 2165 768 2258 eri
785 2167 1018 2260 μοιοσνμιβιῒν
1036 2167 1178 2264 Dignus
1204 2163 1367 2265 profestd
1392 2169 1479 2244 mihi
1502 2170 1639 2248 viderit

434 2287 518 2344 cum
533 2267 597 2346 ista
619 2287 679 2344 tue
692 2264 872 2340 Laconica
883 2263 1078 2354 brevitate,
1103 2264 1166 2362 qui
1180 2263 1218 2337 iu
1233 2264 1305 2338 imo
1319 2261 1438 2340 sedeas
1457 2263 1647 2356 subsellios

434 2387 456 2438 u
473 2367 611 2439 nemine
626 2363 832 2448 advoceris,
856 2383 899 2438 ac
922 2361 1066 2460 egregie
1086 2362 1228 2435 tandem
1244 2359 1383 2436 esurias.
1432 2359 1528 2436 Nam
1545 2361 1635 2460 quid

431 2459 525 2538 istud
540 2479 639 2536 tuuru
654 2461 690 2535 in
706 2455 785 2533 loro
799 2455 905 2532 saciet
916 2456 1202 2555 breviloquium?
1214 2455 1390 2554 Apagead
1402 2459 1630 2555 Areopagitas,

429 2555 543 2632 uamfi
560 2559 620 2633 hic
632 2555 724 2634 velit
742 2549 861 2632 causas
879 2552 1019 2648 dicere,
1036 2553 1231 2628 memineris
1249 2555 1414 2628 Geroniani
1434 2555 1529 2650 quod
1543 2556 1630 2631 olim

432 2654 502 2729 und
516 2653 718 2730 didicimur:
743 2649 823 2725 Foro
848 2663 879 2723 re
899 2666 991 2744 para.
1038 2649 1077 2725 Si
1097 2645 1261 2746 epistolar
1292 2671 1436 2748 quoque
1460 2651 1549 2726 nihil
1571 2652 1629 2728 vic
1663 2663 1666 2670 '

430 2747 519 2840 elle,
544 2746 606 2824 nili
631 2748 789 2845 gravium
802 2766 847 2821 cc
863 2743 1026 2820 seriorum
1042 2768 1158 2820 rerum
1170 2746 1322 2832 iudicer,
1343 2749 1415 2842 jam
1436 2743 1626 2822 secunddur

430 2863 467 2920 te
497 2846 610 2920 omnis
630 2847 722 2920 inter
745 2840 877 2918 amicos
902 2839 1076 2918 scribendi
1097 2839 1315 2920 consuetudo
1341 2842 1514 2918 abolenda
1538 2846 1627 2933 erit.

427 2933 1417 3120 llllllilcllullcfllmldbbliil
1434 2938 1629 3112 libili

426 3155 532 3228 quam
556 3135 689 3230 plerum
717 3154 763 3208 ue
792 3129 814 3210 η’
837 3129 1041 3224 rqutrnmla
1068 3129 1218 3215 dirimit,
1253 3129 1364 3204 isthoc
1395 3129 1512 3206 officio
1543 3133 1626 3206 reti·

425 3249 540 3304 neunt.
590 3227 653 3320 Qu
699 3251 795 3318 otc,
819 3250 863 3303 an
885 3248 957 3302 uon
972 3247 1074 3325 puter
1089 3229 1210 3321 longae
1237 3224 1334 3323 porse
1356 3229 1475 3301 literar
1497 3225 1624 3316 scrib1‚

425 3321 489 3397 uili
522 3329 691 3402 continuo
739 3325 841 3401 novie
879 3319 1194 3419 commenticiisque
1228 3321 1333 3396 rebur
1367 3321 1593 3400 infarcirentur

428 3417 646 3518 ignoscerem
663 3417 778 3516 liquis
799 3444 843 3496 ex
863 3419 1073 3518 pupulofic
1090 3416 1125 3492 se
1146 3413 1334 3492 excusaret
1383 3419 1435 3495 At
1457 3443 1528 3496 uon
1552 3443 1622 3518 pu·

425 3517 486 3590 det
508 3537 543 3589 te
566 3518 627 3613 qui
648 3539 785 3591 omnem
814 3536 951 3590 aetatem
974 3519 1010 3590 iu
1033 3518 1143 3590 literis
1166 3511 1418 3614 consumpsisti,
1449 3540 1491 3590 ac
1521 3518 1621 3592 locu·

422 3611 641 3709 pletiffimum
660 3614 871 3706 optimarum
887 3609 1142 3710 disciplinarum
1157 3631 1288 3704 penum
1305 3609 1533 3706 comparasti,
1546 3626 1631 3687 tern'

449 3731 567 3786 arcum
591 3705 657 3782 effe
673 3708 850 3781 literarum
872 3728 1054 3802 promum,
1078 3729 1120 3781 ac
1142 3707 1263 3803 queri,
1287 3729 1341 3780 res
1367 3705 1433 3780 tibi
1463 3708 1507 3781 ad
1535 3705 1617 3781 scri·

421 3729 574 3881 bendum
590 3801 727 3878 deeffel
751 3800 851 3879 Nolo
872 3803 1034 3898 equidem
1053 3822 1144 3896 ego,
1167 3825 1191 3877 o
1221 3801 1314 3876 bone
1334 3807 1470 3887 mcor,
1495 3799 1616 3880 Iliade.

419 3899 534 3996 Atqui
562 3900 665 3975 etiem
691 3920 763 3972 nou
787 3901 1002 3975 conveniunt
1028 3894 1182 3993 epistolis
1202 3899 1324 3985 nuda,
1355 3895 1496 3993 solaque
1528 3919 1615 3996 apo·

422 3997 615 4090 tbegmetr:
640 3997 725 4070 nolo
742 3995 876 4070 indices
892 3991 975 4068 istor
999 4012 1100 4080 tuor,
1123 3991 1282 4090 epistolar
1306 3997 1414 4077 volo,
1447 4015 1507 4070 aut
1529 4015 1614 4091 pro·

416 4093 557 4167 lirioroe
576 4114 637 4168 eut
655 4090 868 4180 crebriores,
893 4088 941 4165 de
957 4087 1185 4164 familiaribus
1202 4089 1326 4176 rebus,
1351 4090 1466 4185 deque
1491 4090 1612 4167 studiit

290 4238 294 4247 ·
418 4211 498 4282 quae
519 4188 890 4285 apueroconjundia,
913 4187 950 4260 iu
975 4188 1173 4262 ulteriorem
1193 4205 1328 4262 etatem
1352 4183 1509 4283 proferre
1538 4210 1613 4262 mu·

417 4301 478 4359 rua
492 4287 812 4368 communicetioue
826 4287 1006 4360 literarum
1019 4306 1086 4359 uos
1111 4282 1269 4357 addecet.
1318 4280 1388 4356 Sed
1404 4279 1523 4357 desunt
1544 4281 1610 4358 ribi

1519 4375 1611 4460 scili·

431 4499 519 4589 ¹(r)
540 4499 702 4574 Hadriano
726 4499 859 4608 Morio]
880 4499 927 4572 V⁴
946 4498 1240 4660 Noffldzllitcm
1259 4497 1306 4572 N·
1325 4495 1429 4612 m,
