4612 5850
528 615 721 714 uorsa.
751 611 1055 713 suracim
1082 641 1150 710 n>
1177 611 1507 768 otvuusos.
1538 623 1624 738 3⁶7
1744 651 1771 732 ῃ

418 811 531 892 multa
545 817 715 914 praeclara
737 814 896 912 ingenia,
922 833 1000 912 quae
1023 809 1177 890 tenebris
1201 809 1330 890 obruta
1350 808 1553 908 sepultaque
1568 814 1619 909 iu·

421 913 572 1000 cebant,
596 911 658 984 aba
679 931 713 983 te
735 915 779 986 ad
806 913 919 986 lucem
938 932 979 984 ac
993 911 1101 986 vitam
1118 909 1289 984 revocari.
1338 907 1430 981 Illud
1449 906 1620 982 desidera·

419 1007 509 1084 bunt
529 1007 631 1080 multi
647 1003 756 1094 scire,
782 1009 844 1105 qui
872 1007 1095 1104 antiquorum
1121 1003 1327 1104 scriptorum
1351 1002 1430 1076 sunt
1453 1001 1619 1091 studioli,

420 1101 625 1204 impreliane
643 1099 711 1180 lint
735 1127 857 1179 eorum
882 1126 1012 1200 opera,
1045 1105 1082 1178 &
1107 1100 1216 1178 sicubi
1236 1103 1352 1176 adhuc
1381 1121 1498 1175 extare
1521 1124 1617 1176 com·

445 1204 606 1274 orientur.
657 1197 721 1272 Est
748 1217 864 1274 autem
881 1202 918 1276 in
941 1198 1047 1297 Haga
1063 1199 1212 1278 Comitis
1228 1195 1428 1296 ampliffima
1451 1199 1615 1294 quaedam

417 1225 638 1372 iibuotheca
659 1298 702 1370 ad
726 1295 899 1372 Caesarem
916 1292 1095 1394 speliana,
1120 1319 1186 1371 nec
1206 1294 1277 1368 scio
1298 1316 1343 1368 an
1361 1296 1558 1392 catalogum
1571 1297 1616 1370 ii·

415 1394 560 1471 brorum
580 1393 696 1490 quiin
717 1416 758 1468 ea
778 1391 858 1468 sunt
879 1395 1020 1470 viderit.
1069 1391 1212 1470 Solebat
1234 1411 1346 1464 autem
1366 1389 1480 1466 dicere
1499 1393 1530 1464 ia
1549 1393 1613 1488 qui

415 1513 492 1564 eam
512 1493 604 1566 colle
630 1491 679 1576 't,
703 1486 729 1562 ii
753 1490 895 1588 quando
919 1492 966 1565 de
993 1491 1110 1588 aliquo
1140 1489 1233 1562 libro
1262 1486 1611 1584 interrogabaturtfi

415 1587 462 1686 ψ
490 1509 676 1682 impreffiis,
700 1608 718 1659 e
739 1611 755 1657 o
778 1589 882 1660 haben
933 1585 1174 1678 Quamobrem
1198 1582 1223 1658 fi
1255 1583 1342 1681 quid
1367 1584 1483 1657 adhuc
1505 1582 1613 1677 adjici

413 1681 526 1780 pollet
549 1683 634 1770 huic
663 1681 701 1756 in
727 1685 789 1778 gni
808 1683 933 1780 operi,
950 1687 989 1758 id
1011 1681 1212 1781 priusquam
1238 1683 1274 1754 in
1297 1683 1415 1754 lucem
1442 1681 1612 1754 emittere·

415 1800 474 1856 tur
483 1831 496 1867 ,
519 1779 645 1853 lubens
664 1778 734 1853 uni
751 1801 989 1877 procurarem.
1027 1779 1077 1854 Et
1095 1803 1166 1876 quo
1182 1777 1218 1853 id
1236 1779 1367 1878 majore
1388 1799 1468 1851 cum
1486 1776 1612 1856 autho·

413 1875 516 1950 ritate
538 1875 634 1950 exire
644 1875 772 1987 polit,
794 1875 908 1950 visum
925 1875 975 1950 est
991 1873 1289 1953 Reverendiffimo
1306 1871 1485 1972 Episcopo
1506 1873 1611 1946 Atre·

411 1969 542 2049 batensi
568 1973 655 2070 (qur
678 1975 753 2070 ejua
779 1995 922 2070 quoque
944 1973 1083 2068 gustum
1111 1970 1243 2068 erepit)
1268 1973 1480 2059 convenire,
1506 1993 1545 2044 ut
1570 1969 1609 2044 id

412 2066 498 2143 linat
520 2070 566 2143 ab
584 2073 702 2162 aliquo
727 2065 880 2143 studioso
902 2071 1034 2166 relegi,
1060 2070 1098 2145 δι
1120 2071 1257 2160 limam,
1281 2065 1306 2140 st
1331 2091 1400 2163 qua
1417 2065 1608 2163 indigebit,

411 2165 581 2240 adhiberi.
628 2163 929 2261 Cogitabamque,
956 2163 981 2237 st
999 2189 1070 2242 tuae
1087 2161 1292 2240 Paternitati
1308 2175 1380 2238 non
1390 2163 1609 2260 displiceret,

410 2258 508 2356 poli'e
530 2261 607 2336 haec
635 2261 816 2336 volumina
836 2262 880 2340 ad
906 2263 1076 2340 martum
1098 2261 1117 2304 *
1140 2259 1326 2338 Decanum
1357 2258 1608 2336 Lovaniensem
1632 2268 1751 2353 *Tap-

409 2357 526 2444 mitti,
551 2359 666 2432 vitum
689 2357 847 2454 inprimis
878 2359 1019 2434 dolium
1031 2409 1045 2447 ,
1076 2359 1121 2434 δι-
1143 2361 1266 2454 pium,
1299 2378 1372 2456 quo
1401 2359 1432 2432 is
1457 2357 1608 2452 aliquem
1633 2366 1746 2425 aemm-

409 2450 500 2527 bene
525 2454 726 2550 diligentem
756 2454 887 2552 deligat
915 2456 953 2530 in
977 2478 1019 2532 ea
1037 2453 1233 2533 Academia
1266 2458 1324 2558 cui
1348 2455 1440 2529 hanc
1463 2455 1608 2550 provin·

408 2550 496 2624 dam
513 2553 720 2626 committat.
767 2547 1030 2649 superquam
1054 2573 1149 2626 tuam
1170 2549 1366 2648 expectabo
1380 2549 1606 2639 sententiam,

334 2711 339 2725 .
406 2663 448 2720 ut
464 2644 568 2727 sciam
589 2649 632 2720 ad
650 2668 685 2721 te
703 2647 797 2721 hunc
814 2647 938 2720 fratum
951 2649 1040 2723 velit
1054 2647 1207 2734 remitti,
1231 2671 1276 2722 an
1300 2649 1388 2724 verd
1406 2645 1607 2720 Lovanium

406 2743 451 2816 ad
467 2743 653 2838 praefatum
669 2741 853 2821 occanum
864 2745 981 2842 dirigi.
1008 2792 1011 2802 ·
1030 2741 1177 2821 Utinam
1192 2743 1421 2822 menneo
1437 2741 1609 2911 Optimus

406 2833 581 2914 Maximus
608 2861 717 2913 annot
739 2860 821 2914 tuos
847 2843 1042 2927 extendat,
1065 2863 1138 2936 quo
1165 2839 1267 2934 pollio
1293 2843 1418 2914 horum
1445 2841 1478 2910 la
1502 2861 1605 2912 orum

403 2950 545 3007 tuorum
563 2935 801 3032 colophonem
818 2957 981 3023 cernere,
1003 2936 1041 3010 dc
1057 2929 1228 3030 speratum
1241 2937 1421 3032 percipere
1437 2931 1602 3008 fructum.

404 3025 520 3117 Vale,
551 3029 657 3105 Pater
687 3028 939 3118 Honorando,
971 3031 1166 3127 animaeque
1189 3053 1317 3110 amatae
1346 3028 1508 3126 con'ugit
1531 3033 1600 3110 eris

404 3125 443 3198 in
464 3125 532 3199 tuit
556 3125 722 3224 precibus
743 3123 892 3204 subinde
909 3149 1052 3204 memor.
1077 3123 1251 3208 Bruxellae
1270 3125 1414 3228 rotApr
1443 3128 1450 3140 '
1490 3145 1600 3225 1553.

612 3329 1123 3428 EPISTOLA
1180 3331 1388 3429 CLIX.
1625 3229 1824 3398 Μ’.

1626 3431 1675 3474 mo
1690 3415 1750 3476 IV.

1621 3489 1677 3552 fol.
1699 3495 1771 3566 556.

504 3557 963 3656 RUARDO
1027 3555 1481 3660 TAPPER.
1623 3569 1685 3633 vso·

395 3765 580 3888 'Censorio
609 3765 668 3866 θ’
680 3767 817 3886 privil
861 3775 946 3858 iton
971 3765 1146 3886 Regiam
1168 3791 1250 3888 pro
1274 3773 1434 3862 edendis
1461 3767 1595 3882 librat,
1649 3813 1757 3890 1554·

674 3893 796 3973 etiam
877 3895 1067 3994 otiorum,
1094 3883 1319 4008 oectrfflrria.
1520 3941 1527 3954 ·

395 4092 953 4268 LAfppplgtduliuiamt-eliram
969 4096 1005 4174 in
1024 4095 1245 4210 explicandis
1262 4095 1417 4178 ardema
1434 4095 1596 4211 (ripcr

618 4214 690 4272 tem
704 4191 963 4291 Theologrcam
989 4198 1074 4272 olim
1098 4194 1214 4288 edun.
1256 4192 1378 4269 Porro
1399 4195 1596 4366 totlettpeimlira

394 4436 1603 4682 attitulatur-'ilimiiaasialitizappp
