4840 5830
571 673 760 775 ausu.
790 588 1097 769 sacceum
1123 695 1191 766 nn
1219 667 1550 774 Diversus.
1639 701 1666 794 ς

468 902 646 977 uunquam
661 873 940 973 promerentibus
953 870 1098 968 gratiam
1114 869 1335 948 referentes:'
1346 870 1406 946 sed
1425 872 1656 970 quorumdam

469 979 530 1050 hic
547 977 653 1072 cupio
673 971 876 1046 sententiam
900 967 1068 1042 refellere.
1119 965 1197 1056 Qui
1220 993 1309 1065 quos
1336 989 1456 1044 natura
1477 971 1514 1042 in
1530 971 1663 1043 nativi·'

465 1083 538 1148 tat'e
557 1074 622 1144 bos
639 1066 704 1164 ipsr
731 1071 769 1141 in
793 1087 911 1142 amore
935 1085 1077 1160 quoque
1104 1067 1313 1160 posteriores
1338 1065 1400 1139 ubi
1425 1088 1469 1138 ue
1495 1085 1652 1162 ponuntr

465 1190 505 1242 ut
532 1189 598 1240 uos
660 1187 747 1259 rope
774 1164 909 1258 pudore
940 1159 1110 1249 afficiant,
1136 1164 1286 1254 quinon
1305 1161 1373 1234 ben
1422 1163 1485 1236 ciis
1506 1179 1657 1234 tannim

334 1275 347 1286 ’
464 1265 592 1346 modo,
630 1261 674 1333 ed
698 1261 735 1334 &
765 1259 916 1334 amicitia
935 1256 978 1328 ab
997 1254 1184 1350 majoribus
1201 1259 1383 1333 vincimur.
1433 1253 1598 1330 Patruum
1618 1281 1653 1331 e·

465 1363 538 1434 nim
561 1379 597 1433 te
613 1357 699 1431 mihi
723 1374 846 1428 natura
862 1353 1130 1448 haudquaquam
1153 1353 1215 1428 hic
1241 1377 1396 1432 noverca
1416 1354 1532 1428 dedit:
1555 1355 1593 1426 id
1616 1377 1653 1427 e*

465 1458 537 1530 nim
553 1475 620 1548 ego
640 1452 800 1548 inprimis
815 1447 966 1524 feliciter
979 1447 1069 1520 mihi·
1087 1449 1264 1546 contigiise
1289 1472 1388 1546 puto.
1437 1448 1537 1524 Huic
1563 1449 1657 1524 litte«

465 1575 539 1640 ras,
564 1549 646 1622 huic
661 1545 842 1622 multatum
861 1568 980 1620 rerum
995 1545 1173 1638 peritiam,
1197 1570 1235 1621 re
1261 1548 1382 1621 ionum
1394 1549 1651 1641 coguitionem,

465 1669 670 1744 magnorum
698 1645 852 1718 virorum
883 1641 1086 1728 amicitias,
1118 1663 1174 1716 me
1197 1571 1311 1738 ipium
1347 1645 1499 1738 denique
1524 1642 1650 1719 debeo.

462 1743 585 1818 Vincis
605 1761 643 1814 tu
676 1759 790 1813 umen
817 1759 1004 1826 naturam,
1035 1737 1132 1832 quod
1164 1762 1220 1811 mc
1245 1757 1317 1812 tam
1342 1739 1445 1813 enixe
1470 1740 1657 1834 amplecte·

461 1841 521 1914 ris.
570 1836 787 1912 Accusantur
810 1855 973 1930 parentes
988 1836 1049 1926 qui
1070 1855 1141 1906 non
1160 1839 1287 1930 aequali
1311 1857 1428 1910 amore
1452 1835 1579 1910 llberos
1596 1833 1652 1907 fo·

459 1955 561 2010 veut:
587 1936 664 2028 quis
688 1953 880 2026 unquama
901 1952 936 2004 te
962 1927 1100 2026 quaeso,
1125 1925 1381 2005 Prudentillime
1407 1929 1554 2021 Patrue,
1578 1953 1653 2006 ma·

458 2031 537 2126 jora
558 2051 643 2122 erga
665 2050 708 2100 co
776 2045 832 2098 tos
859 2024 973 2100 officia
986 2023 1219 2102 desideravit?
1246 2025 1382 2100 Omnes
1407 2026 1442 2100 se
1468 2026 1534 2100 tibi
1560 2028 1649 2100 mul·

463 2147 539 2200 turn
556 2123 684 2197 debere
742 2139 870 2194 tentor:
894 2140 1034 2194 tantum·
1058 2122 1176 2206 abest,
1200 2122 1339 2218 utquid
1358 2123 1394 2196 in
1415 2145 1474 2196 tua
1494 2123 1651 2196 humaui·

463 2239 534 2294 tate
548 2220 753 2314 requiratur.
778 2217 871 2311 Quis
888 2217 977 2290 verd
996 2237 1075 2295 non,
1087 2219 1230 2290 miratur
1244 2219 1364 2303 etiam,
1390 2217 1487 2314 quod
1505 2221 1648 2314 Viglt'um

464 2317 645 2410 aequaliter
666 2315 732 2388 tibi
747 2336 829 2386 eum
847 2314 922 2384 aliis
939 2311 1161 2407 conjunctum
1187 2313 1307 2408 (quod
1324 2317 1368 2388 ad
1384 2316 1575 2411 agnationis
1593 2339 1649 2392 or·

464 2411 582 2486 dinem
596 2407 730 2504 spetiat
748 2427 842 2482 certe
860 2409 1032 2504 primum,
1057 2405 1116 2482 sed
1130 2409 1166 2482 id
1183 2411 1291 2497 lucis,
1316 2434 1389 2484 nou
1418 2433 1553 2486 naturae
1570 2412 1651 2502 est)

464 2509 542 2602 quis
558 2505 645 2580 vcrd
661 2527 731 2576 non
751 2507 915 2591 miramr,
940 2503 1038 2600 quod
1067 2505 1204 2602 Vtglittm
1220 2525 1354 2580 tantum
1376 2531 1487 2591 amas,
1512 2526 1649 2582 tannim

461 2625 584 2691 curas,
609 2623 650 2676 ut
674 2601 777 2674 etiam
799 2617 958 2695 parentes
984 2621 1081 2674 meos
1113 2605 1238 2677 meritd
1255 2606 1389 2699 pudere
1415 2605 1563 2691 debeat,
1586 2605 1654 2698 qui

460 2701 497 2772 iu
524 2698 648 2772 amoris
675 2719 763 2792 erga
792 2718 848 2768 me
878 2696 1065 2770 certamine
1093 2721 1113 2771 a
1145 2717 1181 2771 te
1205 2701 1403 2773 vincuntur.
1451 2699 1536 2775 Hoc
1566 2721 1648 2773 cum

460 2795 606 2890 cogito,
636 2817 708 2888 quo
735 2815 791 2865 mc
826 2793 1019 2866 chariorem
1052 2793 1158 2868 babes
1177 2847 1194 2884 ,.
1222 2817 1276 2868 eo·
1297 2815 1332 2868 te
1365 2795 1508 2870 viciilim
1542 2797 1652 2870 vehe-

460 2893 607 2976 mentius
630 2891 744 2962 ardeo.
795 2886 981 2982 Perpendo
999 2891 1275 2984 enimquantum
1291 2893 1348 2968 vel
1365 2914 1406 2965 ea
1431 2895 1566 2966 ratione
1581 2891 1650 2965 Pa·

461 3009 578 3060 truum
600 2984 777 3058 redamare
805 2982 969 3069 debeam,
995 2984 1092 3078 quod
1113 3009 1167 3059 me
1191 2987 1380 3082 delegerit,
1406 3008 1508 3081 quem
1523 2989 1654 3083 dilige-

459 3103 535 3168 ret,
560 3078 640 3155 edm
659 3083 758 3154 nullo
787 3099 919 3152 naturae
936 3077 1123 3174 privilegio
1140 3084 1274 3156 caeteris
1301 3082 1491 3178 praeferrer.
1543 3082 1645 3177 Quid

459 3199 611 3262 taceam,
637 3177 732 3272 quod
757 3199 812 3246 me
836 3177 958 3248 rudem
986 3197 1056 3248 non
1071 3174 1179 3250 modd
1198 3177 1473 3274 praeceptoribus
1500 3181 1646 3273 optimis

459 3275 683 3348 erudiendum
702 3270 901 3350 tradiderit,
926 3266 985 3340 sed
1010 3273 1123 3344 multo
1137 3273 1241 3346 ctiam
1260 3275 1401 3348 Patrum
1415 3273 1568 3370 ipsorum
1584 3297 1645 3348 cu·

459 3394 532 3442 tarn
558 3371 728 3452 vincens,
764 3363 965 3436 exattiffima
988 3365 1203 3441 institutione
1229 3368 1396 3443 formarit.
1447 3368 1538 3444 Haec
1564 3369 1644 3445 cum

344 3555 346 3558 Ι
459 3466 618 3540 examino
644 3459 826 3534 beneficia:
853 3463 1010 3554 patiarne
1031 3487 1086 3534 me
1115 3464 1300 3537 abeodem
1329 3468 1365 3536 in
1382 3489 1499 3540 amore
1515 3469 1637 3540 vincit

419 3601 421 3606 ·
461 3563 518 3634 An
535 3560 619 3630 mihi
631 3555 732 3630 idisti
749 3555 1024 3650 persuadebunt,
1049 3579 1088 3632 ut
1102 3581 1167 3652 ego
1179 3563 1463 3635 minusl‘atruum
1480 3583 1593 3636 meum
1607 3584 1643 3635 a·

460 3680 571 3737 mem,
595 3677 703 3748 quam
719 3655 777 3724 ille
800 3655 882 3724 me?
909 3650 1023 3755 Deum
1050 3655 1278 3731 immortalem
1296 3677 1424 3751 quauta
1449 3659 1533 3728 mihi
1555 3679 1645 3730 cura

458 3753 546 3838 fuit,
570 3771 648 3844 quae
670 3749 884 3842 diligentia,
916 3771 996 3842 quae
1025 3747 1252 3837 sollicitudo,
1276 3777 1316 3824 ut
1339 3755 1502 3848 gaudium
1528 3775 1642 3827 meum

459 3850 523 3922 tibi
539 3847 736 3920 indicarem.
788 3840 866 3937 Ipso
882 3843 991 3918 statim
1009 3847 1065 3918 die
1081 3868 1152 3940 quo
1174 3867 1251 3921 tuas
1270 3851 1401 3921 litteras
1418 3871 1641 3942 acceperant,

459 3939 717 4020 rescribebam‚
759 3939 1023 4034 gratulabarque
1061 3941 1253 4029 Patruum,
1302 3945 1424 4016 animae
1459 3945 1642 4017 dimidium

433 4041 564 4122 'meae‚
589 4060 633 4110 ex
659 4031 774 4107 hostili
791 4033 912 4108 furore
936 4055 1094 4130 creptum
1121 4035 1198 4111 elie.
1232 4039 1360 4132 Scribo
1384 4042 1531 4122 iterum,
1548 4034 1642 4113 neli

459 4135 669 4230 nuperrimae
679 4133 803 4204 litterae
814 4130 1074 4220 interciderint,
1099 4133 1227 4206 diutius
1245 4135 1557 4229 uterqueuostrum
1568 4157 1643 4208 mu·
1666 4167 1667 4172 ¹

458 4252 519 4304 tuo
536 4249 633 4301 motu
655 4225 839 4300 crucietur.
888 4227 1074 4301 Pecuniam
1090 4251 1205 4304 autem
1220 4252 1331 4326 nuper
1346 4253 1367 4304 a
1389 4249 1423 4303 te
1437 4225 1647 4305 miliam'ad-

457 4329 527 4400 huc
541 4317 698 4418 expecto.
724 4321 907 4396 Mercator
920 4341 1036 4398 autem
1055 4325 1116 4420 qui
1137 4348 1213 4400 eam
1230 4324 1367 4400 adferre
1387 4325 1509 4399 debuit
1522 4363 1540 4411 ,·
1556 4349 1642 4400 nou·

459 4422 542 4494 dum
556 4419 706 4494 advenit.
754 4417 894 4492 Faciam
910 4435 945 4492 te
964 4419 1076 4492 statim
1091 4422 1295 4509 certiorem,
1318 4421 1381 4494 ubi
1403 4421 1647 4518 audieroquo

399 4629 403 4632 -
459 4515 540 4591 loeo
560 4511 622 4605 lit,
646 4511 684 4589 dt
705 4535 750 4589 au
766 4535 843 4591 eam
871 4512 1168 4706 acceptumzlipt.
1218 4514 1312 4592 Illud
1341 4517 1446 4592 etiam
1470 4511 1645 4688 scirebde·

1150 4679 1152 4684 Α
1589 4634 1658 4702 es,
