4680 5828
459 782 465 795 ,
577 661 768 766 uersu.
802 657 1109 762 seluern
1139 686 1207 754 m
1233 637 1571 766 owansos.
1627 665 1687 787 69

487 843 566 922 edm
581 839 747 941 privatim
769 836 1005 914 Institutiones
1022 835 1202 933 Justinr’uni
1214 837 1451 934 perlegerem,
1475 859 1555 934 quae
1579 837 1624 912 ad
1643 833 1683 912 il·

485 946 536 1017 laa
557 942 633 1015 sunt
662 937 706 1010 ab
741 933 883 1012 diversit
918 935 1168 1030 interpretibus
1192 951 1379 1020 annotata,
1420 934 1682 1009 exercitationis

483 1041 592 1133 gratia
608 1035 750 1108 brevior
795 1028 957 1127 utiusque
983 1032 1200 1125 exprimere,
1228 1052 1335 1124 atquc
1353 1032 1398 1104 ad
1418 1027 1683 1123 Jurisconsultu-

480 1157 560 1208 rum
577 1131 692 1204 stilum
715 1055 906 1204 reAErmare
923 1149 1078 1201 conarer.
1126 1124 1201 1200 Hic
1215 1149 1301 1203 vero
1316 1128 1416 1202 labor
1434 1129 1470 1198 in
1489 1128 1559 1202 hoc
1579 1122 1694 1203 certe

481 1229 567 1304 mibi
596 1224 770 1324 profuit,
812 1217 912 1320 quod
944 1224 1235 1297 commentatione
1265 1223 1468 1320 quotidiana
1497 1223 1613 1299 stilum
1639 1226 1678 1300 δι

480 1324 739 1402 emendaverim
770 1320 886 1416 aliqua
919 1341 965 1393 ex
996 1339 1120 1415 parte,
1152 1317 1191 1391 ἃ
1225 1319 1516 1394 confirmaverim.
1568 1319 1678 1397 Unde

484 1443 524 1496 tu
546 1419 714 1518 quidem,
739 1415 969 1491 Eruditill'rme
994 1415 1041 1490 D.
1066 1415 1225 1508 Erusme,
1258 1419 1529 1492 animadvertere
1554 1435 1675 1514 poter,

481 1517 588 1612 quim
600 1539 670 1590 nou
686 1509 925 1588 'affed'taverim
946 1512 1120 1584 lollianam
1131 1509 1301 1607 phrasim,
1327 1509 1365 1586 de
1385 1513 1477 1586 unde
1495 1517 1573 1588 haec
1591 1534 1676 1610 qua·

480 1613 639 1708 lisqualis
653 1608 723 1684 stili
738 1609 886 1683 facultas
904 1606 1006 1681 nobis
1020 1628 1141 1703 parata
1158 1606 1209 1680 srt.
1261 1605 1407 1682 Dudum
1422 1613 1509 1684 verd
1526 1631 1675 1705 prrrnant

478 1708 575 1782 illam
596 1707 753 1782 imitandi
775 1707 1037 1780 contentionem
1055 1701 1190 1790 remifi,
1214 1704 1357 1801 quando
1378 1705 1560 1794 videbam,
1585 1709 1702 1799 mul-¹⁸

479 1825 553 1878 tum
570 1804 656 1878 milti
671 1825 712 1878 ea
725 1823 836 1896 opera
853 1801 1020 1898 temporis
1041 1799 1179 1896 perire,
1203 1801 1298 1895 quod
1324 1802 1481 1896 legendis
1497 1801 1676 1898 Interpre-‘

479 1899 592 1988 tibus,
618 1919 769 1997 quorum
786 1895 879 1993 pene
900 1899 1054 1973 infinitus
1079 1895 1128 1972 est
1147 1917 1336 1982 numerus,
1361 1894 1488 1970 redibis
1521 1900 1672 1974 colloca·

476 2021 568 2072 rem:
596 1994 634 2069 dr
657 1991 800 2090 quando
818 1994 922 2067 etiarn
941 1993 1178 2087 intelligebam
1205 1991 1455 2084 Jurisconsulto
1472 1992 1553 2069 foro
1574 2018 1672 2070 oten-

476 2095 561 2168 dum
591 2087 679 2176 elle,
704 2090 802 2184 quod
825 2091 919 2163 illam
945 2089 1116 2164 Veterum
1138 2091 1330 2186 puritatem
1354 2091 1486 2163 dudum
1513 2092 1671 2188 explosit.

477 2187 549 2262 Sed
572 2206 689 2260 tamen
709 2186 823 2258 minus
838 2205 897 2259 me
915 2187 1023 2260 modo
1043 2182 1125 2258 faeti
1151 2187 1314 2281 poenitet,
1339 2185 1418 2260 edm
1443 2188 1582 2261 abunde
1601 2213 1671 2262 ma·

477 2304 587 2377 gnum
605 2305 651 2354 ex
667 2302 711 2353 eo
732 2275 884 2354 frustum
902 2281 1113 2376 acceperim,
1165 2282 1236 2355 uod
1254 2281 1319 2354 tibi
1343 2281 1473 2357 scilicet
1488 2283 1580 2358 visus
1595 2283 1670 2360 sum

476 2380 525 2452 ob
556 2379 844 2474 qualemcumque
869 2375 1093 2472 profestum,
1128 2303 1280 2450 sullana
1315 2376 1477 2453 didlionis
1509 2382 1671 2457 candida·

476 2494 551 2548 tus:
577 2472 639 2546 nili
661 2493 774 2546 tamen
793 2491 831 2545 tu
851 2474 994 2547 omnino
1007 2493 1144 2546 mecum
1152 2473 1296 2579 j0caris.
1346 2474 1415 2550 Sed
1436 2498 1504 2572 ego
1523 2475 1570 2550 fic
1589 2503 1670 2574 quae

475 2595 497 2646 a
513 2593 546 2646 te
561 2568 756 2644 scribuntur
766 2569 993 2663 interpretari
1010 2570 1122 2655 malo,
1147 2592 1220 2663 quo
1235 2572 1371 2645 interea
1396 2576 1469 2669 ejus
1492 2577 1669 2668 opinionis

475 2689 543 2741 tuae
560 2664 661 2739 usura
677 2664 781 2738 fruar.
817 2665 897 2757 Jam
912 2689 999 2740 vero
1018 2667 1099 2739 audi
1117 2665 1232 2759 quaeso
1247 2663 1382 2742 causam
1398 2671 1667 2758 controverfiae,

475 2785 554 2859 quae
571 2764 656 2836 mibi
671 2763 732 2835 hle
754 2760 802 2835 est
819 2783 899 2834 cum
922 2758 1076 2856 praefatis
1101 2765 1321 2836 Ciceronianis.
1372 2764 1464 2840 Cium
1482 2766 1666 2841 Patavium

474 2855 702 2940 advenissem,
726 2855 948 2932 conversatus
970 2859 1092 2944 initio,
1116 2880 1224 2952 prout
1241 2857 1319 2932 usus
1342 2862 1562 2955 postulabat,
1588 2887 1669 2938 cunr

473 2954 677 3052 quibusdam
696 2951 925 3036 nostratibus·,
949 2976 991 3028 ac
1011 2977 1077 3048 per
1100 2975 1161 3028 eos
1185 2957 1281 3028 ltalis
1305 2963 1482 3032 nonnullis
1517 2959 1666 3034 infinua-

472 3075 527 3126 tus
544 3055 645 3149 hujus
660 3047 781 3138 sesiae,
806 3051 924 3123 audivi
935 3051 1117 3143 aliquoties
1134 3054 1299 3124 Lazarum
1310 3105 1320 3140 ,
1331 3074 1372 3125 ac
1389 3052 1532 3129 salutavi
1546 3058 1666 3130 etiam.

472 3149 506 3222 Is
531 3170 644 3222 autem
665 3147 775 3221 libroa
801 3145 953 3220 Ciceronis
969 3145 1013 3218 de
1033 3143 1186 3219 Oratore
1203 3145 1455 3242 profitebatur,
1491 3153 1553 3246 qui
1587 3153 1663 3246 qui·

471 3248 549 3316 dem
568 3267 623 3318 me
650 3265 720 3316 non
739 3242 887 3314 multum
906 3239 1088 3314 afficiebat.
1137 3241 1224 3315 Erat
1242 3267 1328 3316 vero
1344 3246 1380 3318 δι
1404 3249 1534 3340 aliquid
1566 3251 1665 3344 quod

472 3363 528 3413 me
543 3341 585 3413 ab
605 3341 679 3432 ejus
704 3339 881 3412 auditione
914 3355 1103 3422 averteret,
1137 3340 1233 3432 quod
1257 3338 1526 3431 Jurisconsultus
1558 3345 1665 3440 primi·

472 3436 534 3509 hic
548 3435 694 3510 nominis
710 3435 820 3527 paulo
838 3451 917 3506 ante
933 3453 1012 3505 eum
1022 3431 1262 3528 profiteretur,
1287 3435 1324 3508 δι
1342 3462 1421 3511 curn
1437 3463 1477 3513 ea
1492 3439 1666 3514 transcur-

473 3531 560 3604 satio
581 3531 666 3602 mibi
688 3527 773 3602 esset
796 3526 957 3610 molesta,
989 3547 1063 3603 turn
1086 3554 1174 3604 vero
1199 3555 1256 3604 me
1285 3531 1488 3610 detinebant
1514 3535 1665 3632 disputa·

473 3630 607 3710 tiones,
631 3645 710 3721 quae
727 3623 786 3696 hle
802 3623 846 3720 ad
863 3622 1029 3718 egressum
1045 3623 1202 3700 lediionis
1219 3627 1339 3703 haberi
1354 3630 1488 3718 solent,
1513 3631 1592 3704 edm
1605 3657 1681 3705 au··

472 3722 645 3796 ditoribus
680 3717 829 3813 potestas
858 3721 1064 3796 conceditur
1085 3721 1244 3795 adversus
1274 3730 1503 3820 praeceptoris
1528 3723 1663 3801 senten·

472 3823 556 3893 tiam
589 3818 645 3892 in.
655 3813 949 3890 Scholasticorum
981 3819 1114 3891 circulo
1143 3821 1418 3913 argumentandi.
1470 3821 1545 3896 Ubi
1575 3847 1666 3898 vero

472 3915 642 3990 Lazarum
663 3909 894 3997 deseruissem,
920 3913 956 3986 id
966 3911 1076 3986 statim
1094 3915 1170 3987 illos
1189 3939 1282 4009 aegre
1298 3917 1443 4002 habuit,
1467 3915 1562 4012 quast
1579 3943 1663 3992 con·

474 4033 665 4086 temnerem
689 4010 943 4082 hominemtam
961 4009 1136 4104 praestanti
1161 4011 1373 4100 eruditione,
1401 4014 1438 4086 de
1462 4017 1662 4086 Ciceroniana

472 4107 635 4182 facundia
651 4104 847 4201 praeditum.
898 4102 987 4178 Ilico
1023 4109 1142 4200 itaque
1162 4107 1282 4180 audivi
1316 4109 1532 4195 convitium,
1563 4111 1663 4206 quod

471 4202 534 4300 ipfi
564 4224 665 4275 atrox
682 4197 749 4275 ell'e
772 4200 980 4291 existimant,
1003 4203 1192 4297 quod-non
1208 4202 1308 4277 essem
1328 4205 1560 4290 Ciceronianus,
1585 4227 1663 4278 tum

471 4322 559 4374 vero
580 4301 676 4394 quod
704 4293 805 4369 eil'em
829 4296 1047 4388 Erusmiauus.
1098 4295 1187 4370 lllud
1213 4321 1298 4372 vero
1315 4321 1382 4394 ego
1400 4300 1491 4374 bene
1514 4299 1591 4387 rili,
1617 4302 1666 4376 de

471 4395 540 4468 boc
557 4397 659 4467 etiam
676 4390 749 4466 sum
764 4393 951 4487 gloriatus,
975 4414 1042 4468 nec
1060 4389 1125 4466 ess'e
1146 4415 1203 4468 me
1230 4397 1357 4482 modo,
1381 4393 1440 4468 sed
1459 4397 1560 4469 etiarn
1579 4395 1668 4468 sern-

472 4489 643 4585 periore
677 4485 851 4585 respondi.
900 4485 989 4564 Hoc
1020 4489 1197 4656 prinlcipio
1235 4491 1335 4584 dato,
1370 4491 1497 4568 deinde
1533 4492 1587 4566 illi
1617 4513 1670 4562 ex

1135 4607 1158 4680 3
1579 4606 1671 4684 ⁴1³²·
