4680 5828
627 667 688 788 46
741 656 986 760 uranu
1013 681 1082 752 rr
1110 651 1371 751 nurTA
1403 655 1774 754 zuronunn

635 856 787 937 condior
810 877 855 930 ex
878 854 1024 928 vivente
1046 848 1211 940 fruens,
1242 869 1341 924 tanto
1370 849 1610 930 vehementior
1641 851 1692 927 est
1715 876 1760 927 ex
1782 852 1842 928 de-

635 954 750 1034 sunsti
765 949 930 1026 desiderio
952 941 1134 1026 acerbitas.
1184 943 1235 1020 Et
1252 945 1330 1022 haec
1350 969 1414 1021 nos
1433 965 1568 1024 tantum
1589 947 1844 1026 benevolentiae

637 1071 768 1130 mutuae
798 1047 967 1145 proaemia
998 1043 1066 1122 esse
1097 1041 1333 1131 volebamus,
1364 1064 1674 1141 conveneratque,
1709 1044 1845 1121 firmata

641 1166 745 1224 aetate
768 1145 808 1222 δι
829 1142 1017 1218 constituta
1038 1139 1215 1237 utriusque
1236 1139 1405 1233 fortuna,
1437 1143 1606 1217 celebrem
1654 1141 1844 1236 aliquando

642 1243 831 1322 amicitiam
865 1237 1016 1314 nostram
1055 1235 1234 1322 reddere,
1269 1234 1306 1309 δι
1338 1238 1428 1312 inter
1457 1237 1620 1312 carissima
1651 1238 1844 1314 amicorum

537 1431 539 1434 ,
642 1341 804 1436 exempla
828 1337 969 1412 nomina
990 1331 1162 1432 proferre.
1217 1331 1375 1407 Tantum
1398 1333 1576 1424 frustum,
1608 1354 1721 1408 tantas
1748 1334 1848 1433 spes,

642 1435 802 1514 crudeles
825 1433 945 1508 Parcae
968 1452 1041 1504 tam
1063 1428 1248 1504 immature
1278 1427 1542 1524 praesciderunt.
1600 1427 1743 1506 Omitto
1766 1455 1848 1528 quae

643 1533 768 1610 adme
792 1529 956 1628 privatim
986 1526 1177 1622 pertinent.
1239 1524 1425 1620 Quantum
1447 1531 1485 1601 in
1510 1551 1554 1603 eo
1577 1525 1744 1603 Flandria
1765 1530 1851 1604 ami·

644 1625 706 1704 lit!
731 1626 826 1722 Quae
849 1641 942 1700 certe
961 1623 1097 1698 nnllnrn
1119 1621 1428 1720 impraesentiarum
1450 1620 1705 1719 generosiorem
1727 1623 1853 1702 soetum

645 1723 771 1806 alebat.
814 1719 958 1811 Quanta
981 1719 1133 1792 enimin
1156 1721 1220 1793 illo
1242 1715 1399 1805 indoles,
1423 1719 1529 1815 quim
1551 1723 1732 1795 dexterum
1756 1722 1855 1818 inge·

645 1823 763 1896 nium!
788 1815 934 1908 Quanta
964 1808 1201 1906 soecunditas,
1238 1812 1446 1912 prudentia,
1477 1813 1611 1910 gratia!
1650 1815 1745 1911 Qnae
1768 1815 1853 1915 styli

646 1914 831 2003 foelicitas,
861 1912 965 2010 quam
995 1911 1116 1985 exalia
1139 1909 1345 2008 &syncera
1373 1912 1458 2007 juris
1489 1909 1654 1986 scientia!
1680 1911 1793 2007 Quod
1815 1914 1853 1988 iu

647 2007 1015 2105 tenebrieofislegum
1039 2009 1231 2104 aenigmatis
1254 2005 1515 2082 erudiendis&
1538 2008 1759 2084 elucidandis
1771 2033 1853 2086 acu-

648 2113 748 2185 men!
773 2107 824 2180 Et
852 2111 930 2179 haec
954 2103 1073 2178 omnia
1089 2105 1126 2176 in
1146 2127 1186 2179 ea
1211 2120 1334 2187 aetate,
1360 2101 1419 2175 cni
1441 2101 1577 2178 Praetor
1606 2102 1713 2200 lapsae
1737 2107 1854 2184 adhuc

650 2203 837 2281 subvenire
851 2201 951 2276 solet.
999 2197 1081 2274 Scio
1099 2197 1180 2275 crim
1198 2199 1277 2274 haec
1298 2221 1553 2287 commemoro,
1578 2203 1778 2300 lachrymas
1798 2227 1855 2282 me

651 2303 719 2378 tibi
738 2301 910 2375 excitare:
932 2295 993 2369 sed
1008 2293 1095 2391 quid
1116 2297 1200 2372 vis?
1227 2295 1308 2371 Nec
1331 2291 1404 2393 ipse
1423 2297 1501 2372 haec
1515 2294 1585 2373 fine
1604 2295 1756 2396 suspiriis
1775 2299 1858 2394 scri·v
1897 2363 1903 2369 .

653 2398 714 2474 bo.
764 2393 912 2469 Utinam
927 2388 1093 2487 paruisset
1108 2415 1186 2468 meo
1203 2390 1369 2481 consilio,
1395 2395 1490 2488 quia
1507 2390 1604 2468 fatali
1621 2395 1781 2471 Taurino
1803 2415 1856 2468 to

654 2495 721 2569 ties
739 2495 818 2567 eum
833 2511 997 2564 revocare
1014 2487 1089 2564 sum
1108 2506 1264 2565 conatus.
1315 2489 1373 2561 Sic
1390 2490 1481 2560 enirn
1498 2511 1576 2560 eum
1597 2485 1725 2564 salvum
1740 2491 1858 2566 adhuc

655 2587 831 2664 visiurum
855 2607 997 2660 autumo
1022 2582 1108 2678 (nisr
1141 2586 1259 2659 omnia
1280 2584 1315 2655 in
1335 2579 1417 2655 fatis
1439 2602 1571 2677 ponere
1594 2584 1869 2758 volumusgmsre.

659 2687 699 2764 δι
717 2687 785 2758 tuis
802 2682 906 2757 rebus
923 2675 1156 2768 consuluisset,
1181 2703 1248 2755 nec
1267 2680 1395 2755 amicos
1410 2679 1446 2752 in
1464 2679 1709 2755 acerbissimum
1723 2685 1758 2757 lu
1821 2707 1856 2757 m

658 2778 867 2879 conjecisset.
916 2775 1027 2867 Quod
1049 2775 1093 2850 de
1107 2776 1223 2850 animo
1239 2773 1345 2873 ipsius
1361 2799 1382 2852 a
1399 2795 1435 2849 te
1444 2777 1594 2852 alienato
1610 2781 1854 2874 conquereris,

660 2902 733 2953 non
747 2877 882 2974 polium
899 2875 1052 2950 credere.
1105 2870 1206 2967 Quin
1224 2873 1341 2968 potius
1357 2871 1529 2958 arbitror,
1554 2873 1742 2972 praesagam
1764 2901 1860 2953 men·

660 2993 732 3050 tem
750 2977 831 3050 inde
851 2994 886 3046 te
901 2969 1045 3045 voluisse
1062 2972 1255 3058 deterrere,
1279 2967 1373 3043 unde
1391 2965 1453 3041 fibi
1467 2973 1596 3044 malum
1619 2971 1857 3066 impendebat.

662 3071 804 3148 Cornelio
819 3063 1010 3144 subirascor
1030 3063 1150 3162 quide
1170 3065 1243 3162 ejus
1261 3087 1373 3141 morte
1393 3064 1479 3138 nihil
1498 3068 1542 3140 ad
1559 3087 1626 3138 me.
1661 3067 1788 3164 Rogo,
1810 3071 1860 3145 mi

658 3171 784 3245 Antoni
793 3217 805 3253 ,
829 3186 869 3239 ιιι
887 3185 966 3257 quae
985 3181 1239 3237 commentatus
1256 3161 1323 3249 est,
1349 3181 1498 3258 quaeque
1518 3163 1719 3249 annotavit,
1744 3189 1786 3238 ea
1801 3189 1862 3239 cu·

661 3265 911 3356 resdiligenter
927 3257 1141 3343 conservari,
1157 3283 1229 3354 quo
1246 3259 1433 3354 aliquando
1444 3257 1624 3332 videamus
1647 3258 1754 3335 unlsr
1774 3263 1860 3356 quid

662 3361 729 3434 erit
745 3379 816 3453 quo
833 3354 938 3451 ipsius
964 3356 1164 3429 memoriam
1190 3353 1441 3429 conservemus.
1491 3352 1583 3430 Cum
1606 3356 1745 3431 Retices
1768 3357 1863 3452 apud

662 3449 859 3536 comesset,
886 3447 1126 3524 convalescere
1152 3451 1357 3536 videbatur,
1381 3451 1536 3525 nondum
1558 3471 1673 3527 tamen
1690 3455 1859 3528 valetudo

661 3547 818 3635 ferebar,
842 3567 883 3622 ut
909 3546 1093 3643 quicquam
1117 3547 1163 3619 ad
1188 3569 1243 3618 me
1269 3544 1454 3632 scriberet,
1479 3571 1614 3622 tantum
1626 3549 1796 3646 jubebat,
1820 3571 1862 3626 ut

665 3647 773 3722 libros
789 3645 926 3721 cuidant
944 3639 1150 3716 Taurinenli
1167 3641 1382 3717 Scholastico
1400 3642 1444 3716 ad
1460 3641 1496 3718 se
1515 3649 1686 3724 curandos
1706 3649 1862 3722 commic-

664 3763 797 3829 terem,
822 3740 918 3835 quod
935 3764 979 3813 ex
1001 3735 1151 3811 Florentii
1173 3735 1210 3811 δι
1239 3739 1386 3813 aliorum
1405 3741 1595 3813 amicorum
1617 3741 1761 3817 consilio
1782 3741 1862 3824 feci.

666 3838 778 3935 Cujus
794 3859 849 3912 rne
861 3836 966 3909 modo
976 3833 1145 3930 poenitet,
1156 3857 1280 3909 vereor
1296 3836 1387 3909 enirn
1407 3860 1450 3911 ne
1465 3837 1528 3908 illo
1542 3859 1680 3921 mortuo
1697 3863 1863 3936 pereant,

667 3958 760 4032 quan
788 3957 867 4008 uam
886 3956 946 4006 eos
964 3948 1066 4026 potes
1083 3927 1126 4002 ab
1146 3927 1289 4021 Coeiselio
1316 3933 1475 4029 exigere,
1500 3935 1544 4006 ad
1567 3958 1671 4028 quern
1698 3960 1758 4010 eos
1784 3959 1864 4032 per·

666 4033 747 4104 veni
777 4053 796 4103 e
817 4029 976 4102 arbitror.
1025 4023 1142 4099 Velim
1159 4029 1282 4117 etiarn,
1306 4029 1355 4099 mi
1372 4029 1513 4112 Antoni,
1537 4049 1660 4120 cureS,
1683 4052 1721 4103 ut
1736 4031 1864 4128 episto·

666 4129 719 4203 las
737 4148 821 4220 quas
841 4119 982 4197 diverfis
1007 4123 1224 4215 temporibus
1240 4123 1283 4196 de
1307 4125 1412 4198 variis
1428 4123 1473 4195 ad
1496 4145 1576 4196 eum
1598 4128 1722 4212 rebus,
1748 4129 1792 4201 de
1805 4127 1866 4222 -j0·

668 4224 740 4305 cis,
764 4217 923 4314 seriisque
940 4219 1040 4304 dedi,
1066 4221 1271 4312 conquiras,
1296 4241 1363 4293 nec
1389 4221 1426 4291 in
1444 4219 1589 4292 aliorum
1607 4244 1728 4295 manus
1747 4226 1867 4300 venire

668 4317 778 4404 finas,
803 4319 873 4389 hoc
891 4315 980 4390 enim
997 4336 1073 4386 mea
1087 4315 1189 4388 valde
1210 4311 1360 4388 interest.
1411 4310 1522 4400 Vale,
1545 4316 1593 4388 mi
1610 4317 1753 4405 Antoni,
1779 4319 1816 4393 dc
1841 4319 1868 4394 fi

666 4415 763 4508 quod
779 4415 822 4486 de
846 4410 949 4485 rebus
964 4409 1070 4506 ipsius
1094 4407 1244 4502 habeas,
1268 4409 1326 4484 sac
1350 4433 1405 4488 me
1424 4411 1609 4488 certiorem
1626 4411 1755 4513 quaeso.
1803 4415 1869 4493 Pa·

666 4511 754 4592 savii
776 4531 830 4586 vr.
855 4505 1028 4586 Calendas
1051 4503 1203 4602 Januarii
1228 4523 1335 4601 1532.
1713 4573 1715 4580 ,
1761 4606 1859 4686 EPI
