4680 5828
602 653 792 754 nerse.
823 649 1127 750 sanncrn
1151 675 1221 746 n
1248 651 1579 754 ownnsos.
1637 661 1699 776 σς

491 849 609 934 versut
631 869 773 950 quoquc
794 845 935 942 umque
956 844 1085 944 scopus
1092 843 1172 926 fnit
1193 845 1403 945 Siquidem,
1422 868 1464 926 ut
1487 849 1537 926 eli
1551 851 1588 925 io
1605 873 1693 949 prm

492 951 645 1037 verbi03
693 949 765 1050 stul
788 945 923 1020 &modi
946 941 1009 1038 (ψ
1033 965 1092 1016 ooo
1112 939 1260 1037 poliunt,
1296 947 1470 1020 chlotarii
1485 944 1606 1041 fierit
1638 949 1694 1025 ita
1753 981 1757 990 ·

490 1046 572 1124 con
591 1043 767 1144 politioris
781 1038 1067 1136 elegantiorisque
1086 1037 1257 1114 dodrmae
1279 1041 1419 1116 laudem
1449 1040 1690 1139 desperarem,

489 1167 511 1220 a
553 1143 720 1218 naeniam
739 1138 882 1214 arcebar
897 1157 1079 1233 parentum
1100 1132 1265 1221 consilio.
1289 1137 1403 1212 aerim
1419 1136 1554 1252 semper
1569 1143 1615 1216 ad
1628 1143 1689 1238 jus

490 1241 525 1315 d'
542 1238 692 1316 cendum
718 1233 884 1322 incubui.
908 1234 970 1308 illo
990 1234 1122 1310 interea
1143 1254 1209 1328 pro
1236 1235 1370 1330 ingenii
1394 1233 1688 1334 institutionisque
1824 1313 1836 1336 ,

488 1336 647 1412 bonitate
670 1331 806 1428 semper
831 1329 878 1404 ad
896 1329 1045 1426 primam
1073 1331 1388 1428 praecipuamque,
1413 1353 1454 1406 ac
1476 1333 1582 1429 longe
1606 1336 1686 1431 pul·

488 1433 697 1510 cherrimam
724 1425 891 1503 dolirinae
909 1445 1063 1522 partem,
1087 1427 1132 1500 ad
1150 1427 1359 1524 eloquentiae
1369 1426 1513 1524 glorian
1532 1431 1686 1506 animum

489 1531 698 1626 applicante.
731 1525 852 1621 Atque
867 1524 904 1596 in
923 1524 988 1594 hac
1011 1523 1236 1598 contentione
1252 1523 1474 1599 commodum
1490 1526 1528 1598 in
1549 1524 1685 1602 Italiam

489 1623 669 1723 proseilua
689 1623 768 1710 cil,
793 1620 855 1695 ubi
873 1613 1141 1696 doslislimornm
1168 1618 1348 1694 hominurn
1377 1620 1624 1698 cmrsuetndine
1645 1625 1685 1700 dr

487 1723 639 1798 amicitia
665 1717 806 1816 prolixd
834 1713 932 1799 usus,
957 1713 996 1788 δι
1022 1715 1273 1790 benedicendi
1298 1718 1525 1812 imitandique
1548 1741 1684 1814 praece·

486 1823 557 1918 ptis
572 1816 749 1906 imbutus,
766 1811 1010 1912 pulcherrimis
1021 1809 1142 1886 studiis
1157 1811 1227 1887 suis
1239 1813 1477 1908 colophonem
1497 1811 1684 1910 imposuit,

487 1937 528 1991 nt
544 1937 638 1989 nunc
656 1935 728 1986 non
744 1930 878 1986 tantum
886 1909 1031 1984 Senatus
1049 1906 1159 1984 nostri
1169 1908 1265 2006 apud
1280 1908 1538 2000 Leovatdiam,
1563 1909 1684 1986 verdun

486 2014 597 2088 totius
614 2008 732 2082 Frifiae
748 2007 891 2080 unicum
913 2001 952 2080 ἃ
971 2003 1102 2102 inligne
1120 2025 1361 2080 ornamentum
1387 2005 1575 2080 censeatur.
1624 2006 1687 2082 De

486 2113 586 2204 cujus
611 2105 753 2200 quidem
775 2099 1008 2176 familiaritate
1032 2103 1097 2178 tibi
1122 2105 1299 2198 pembr,
1323 2101 1382 2176 sed
1406 2125 1523 2178 tamen
1553 2127 1596 2178 eo
1614 2127 1685 2180 ma·

488 2205 544 2300 gis
568 2203 621 2276 illi
636 2204 680 2314 de
696 2219 776 2316 tna,
801 2221 875 2294 qno
894 2195 1054 2272 dolitioa
1066 2197 1383 2312 excellentior-ipse
1402 2197 1537 2274 haberit
1548 2254 1558 2290 ‚
1571 2201 1684 2314 'dein

486 2317 866 2504 titillaret
883 2293 1685 2503 lliflllblatllhllhlllllll

485 2515 564 2568 rum
582 2491 764 2564 hominum
784 2485 973 2562 lumtnrbns
992 2489 1094 2560 altror
1107 2485 1269 2562 obstruit.
1320 2487 1484 2562 Carmina
1507 2486 1604 2564 certe
1622 2511 1686 2566 tua

485 2591 592 2664 etiam
607 2585 706 2674 Itali,
730 2587 825 2660 acuti
848 2605 888 2660 ut
904 2581 971 2658 scit
995 2582 1145 2678 judicii,
1172 2606 1239 2658 nec
1257 2585 1412 2681 vulgaris
1438 2587 1546 2682 palati
1573 2588 1688 2660 homi

380 2673 386 2682 ’
486 2708 573 2774 nes,
597 2687 633 2758 in
657 2682 785 2758 delitiis
809 2681 950 2758 hahent.
1000 2677 1262 2769 Quamobrem,
1287 2679 1475 2757 doliilhrne
1496 2683 1584 2772 tart,
1608 2683 1687 2756 val·

484 2782 534 2855 de
548 2803 590 2856 tu
609 2780 748 2878 quidem
761 2775 910 2862 falleris,
934 2773 1012 2850 lia'
1041 2779 1102 2852 nid
1120 2781 1157 2852 in
1174 2777 1275 2852 nobis
1290 2781 1358 2852 tale
1374 2773 1573 2874 elieputes,
1598 2800 1685 2874 qna·

488 2879 521 2954 le
543 2880 580 2950 in
598 2896 828 2951 conterranco
842 2896 922 2950 meo
946 2896 965 2947 a
1055 2876 1083 2959 ',
1108 2876 1166 2949 vel
1190 2895 1263 2970 quo
1295 2872 1368 2970 ipse
1400 2875 1564 2963 excellit,
1588 2873 1685 2954 illiue

485 2975 580 3050 enirn
597 2973 824 3048 eruditionem
837 2968 989 3044 admiror
1005 2991 1110 3065 atque
1125 2969 1294 3066 suspicio,
1319 2992 1414 3044 tuam
1430 2973 1534 3046 etiam
1558 2972 1684 3052 adoro.

489 3071 603 3147 Aliam
619 3091 705 3143 vero
720 3064 792 3162 ipse
802 3067 895 3139 viam
909 3063 1077 3161 ingressus
1086 3114 1099 3150 ,
1123 3063 1346 3162 quaestuosatn
1367 3064 1533 3143 videlicet
1549 3067 1683 3164 magia,

344 3201 351 3214 ·
488 3166 832 3260 ntvulgocteditur,
849 3161 953 3259 quim
971 3158 1260 3256 gloriosam‚non
1274 3159 1379 3236 aulirn
1394 3163 1481 3236 mihi
1496 3187 1540 3236 ex
1554 3162 1683 3239 studio·

488 3259 1055 3354 tumsrmilitudine,quaeighotoa
1067 3257 1598 3356 conciliat,aliquamvobiscum
1608 3259 1686 3429 spe·

489 3381 567 3432 rare
576 3355 866 3431 benevolentiam.
890 3353 1009 3427 Miror
1018 3353 1320 3452 verd,quomodo
1334 3377 1373 3427 tu
1385 3379 1429 3428 ex
1439 3357 1544 3430 unico
1555 3357 1613 3452 epi
1644 3379 1684 3430 o·

490 3455 561 3539 lio,
586 3454 664 3527 rudi
685 3453 826 3548 quidem
842 3451 879 3522 δι
902 3447 972 3525 fine
989 3473 1074 3524 cura
1092 3452 1136 3524 de
1156 3452 1262 3526 rebus
1276 3448 1500 3526 familiaribus
1522 3452 1565 3525 ad
1582 3449 1684 3528 fami·
1831 3451 1844 3476 ⁸

493 3551 612 3625 liarem
632 3547 783 3642 scripto,
808 3565 879 3620 tarn
902 3544 1074 3642 praeclard
1100 3547 1145 3620 de
1171 3571 1226 3624 me
1252 3545 1683 3644 pronunties,nis1sorte

495 3645 646 3720 animum
663 3663 759 3718 tuum
768 3641 891 3738 sponte
905 3645 948 3716 ad
967 3643 1212 3718 humanitatem
1237 3639 1448 3741 propensum
1474 3644 1687 3720 extimulatit

491 3746 596 3819 etiam
616 3741 740 3834 Georgii
759 3739 935 3812 Hermanni
950 3761 1032 3836 erga
1050 3761 1105 3812 me
1119 3735 1273 3813 affceiio.
1322 3739 1364 3811 In
1381 3761 1454 3833 quo
1468 3741 1605 3834 utrique
1621 3763 1683 3816 ve·

492 3841 598 3915 strum
626 3838 747 3913 merito
774 3835 902 3930 gratiae
925 3857 1017 3930 ago,
1048 3836 1100 3908 illi
1126 3839 1189 3932 qui
1216 3859 1272 3908 me
1300 3835 1366 3910 tibi
1387 3832 1592 3923 inlinuarit,
1616 3837 1683 3912 tibi

491 3937 582 4012 verd
626 3936 664 4010 ui
681 3955 735 4008 me
753 3934 803 4006 illi
820 3929 1032 4016 laudaveris,
1051 3929 1117 4005 'cui
1131 3954 1187 4004 me
1204 3931 1347 4026 probari
1363 3953 1434 4003 non
1458 3933 1582 4007 leviter
1604 3957 1685 4009 mea

491 3959 648 4119 interea,
675 4050 754 4102 nam
769 4026 849 4103 edm
863 4027 922 4100 ille
937 4051 1023 4102 meae
1040 4025 1123 4100 iidei
1141 4023 1206 4100 filii
1221 4026 1272 4100 sui
1283 4027 1392 4101 studia
1406 4028 1687 4118 concrediderit,

491 4131 538 4204 ad
552 4129 623 4202 tale
637 4147 761 4198 munus
785 4147 841 4198 me
866 4145 937 4195 non
956 4123 1103 4196 omnino.
1124 4123 1282 4218 ineptum
1308 4122 1448 4209 habeti,
1474 4124 1525 4196 illi
1554 4126 1682 4200 merito

492 4221 691 4323 persuasum
711 4221 828 4316 cupio.
878 4218 991 4313 Quod
1014 4241 1099 4294 vero
1116 4219 1159 4291 ad
1181 4217 1491 4315 Jurisprudentiam
1556 4221 1678 4304 tono,

493 4323 530 4398 in
546 4343 616 4416 qua
629 4315 856 4415 principalem
877 4313 1012 4409 semper
1027 4336 1170 4411 operam
1184 4337 1264 4388 cnm
1282 4315 1345 4387 illo
1357 4312 1491 4409 insump
1506 4335 1684 4403 r,ntcun·

493 4439 562 4514 que
577 4417 848 4490 adhucconatus
862 4405 1023 4484 succeliit.
1071 4411 1267 4484 Literarum
1281 4410 1546 4483 verobooarum
1562 4413 1684 4485 dolio·
1837 4417 1842 4424 '

494 4535 569 4591 rem
593 4531 772 4609 nunqnam
798 4503 873 4583 sum
890 4502 1059 4607 profeffut
1079 4556 1092 4596 ,
1116 4503 1247 4604 siquid
1262 4523 1378 4583 tamen
1394 4502 1573 4584 succidere
1587 4527 1691 4695 1333
