4612 5850
456 593 650 692 uersu
679 559 982 687 suracim
1009 604 1075 671 m
1102 575 1433 681 urvuusos.
1492 608 1579 702 ³49

398 817 441 868 ac
456 791 564 866 literis
589 781 733 858 Domini
757 772 916 868 Prarrnjis
937 771 1090 858 monita,
1115 768 1586 867 indicat'Ant'verpienfium·

396 888 616 961 formidinem
633 879 679 952 ob
698 897 827 947 novum
843 871 899 944 seu
914 869 1031 963 potius
1053 886 1257 939 renovatum
1285 866 1433 940 edisiurn
1452 873 1575 944 adver.

397 981 452 1058 sus
469 979 601 1054 Senes:
627 967 886 1046 acTurnhouti
907 959 1032 1049 Medus
1048 958 1282 1034 Penfionarius
1307 960 1376 1056 (3)
1403 965 1506 1058 longa
1519 983 1571 1038 at-

395 1101 464 1172 qne
479 1077 549 1150 acri
564 1071 719 1146 oratione
734 1067 770 1137 in
787 1063 824 1134 id
840 1058 999 1133 invedius
1020 1056 1078 1128 est.
1112 1056 1248 1130 Invidia
1269 1077 1382 1130 autem
1402 1062 1513 1132 omnis
1532 1061 1571 1134 in

393 1194 450 1244 me
478 1171 639 1244 vertitur.
690 1161 731 1233 Si
754 1155 840 1254 quid
866 1151 1046 1246 displicet,
1066 1149 1192 1245 jubeor
1216 1151 1360 1226 reddere
1389 1155 1568 1226 rationem,

394 1267 504 1360 Quod
520 1261 601 1336 sane
618 1277 715 1332 tanto
733 1255 867 1348 aequius
879 1247 1047 1332 sustineo,
1071 1248 1166 1340 quod
1184 1246 1270 1317 nihil
1296 1249 1332 1318 in
1357 1249 1426 1320 hoc
1453 1242 1569 1324 cristo

390 1363 546 1437 additum
564 1357 625 1442 srt,
651 1350 712 1426 nist
734 1371 812 1422 curn
832 1343 973 1420 consilii
990 1341 1255 1424 deliberatione,
1281 1339 1319 1413 dt
1346 1339 1487 1415 Caesaris
1510 1363 1570 1416 tu·

391 1458 568 1530 thoritate.
619 1449 799 1539 Multaque
817 1463 857 1513 ut
871 1440 1029 1512 meminit
1048 1433 1332 1508 Reverendissima
1356 1433 1494 1510 D.*V,a
1511 1461 1569 1513 me

390 1554 546 1644 mitigata
561 1545 658 1620 sunt:
683 1561 725 1614 ac
741 1537 906 1612 nonnulla
925 1530 1126 1628 cupivissem
1143 1529 1217 1625 ipse
1237 1529 1352 1602 Caesar
1369 1533 1568 1608 moderatus

393 1645 532 1720 suisset:
554 1642 614 1715 sed
629 1640 666 1712 id
692 1631 891 1730 persuaderi
908 1625 1082 1723 Majestati
1103 1623 1172 1698 suae
1188 1629 1355 1718 nequivit.
1403 1624 1569 1714 Querun-

391 1762 448 1817 tur
468 1757 584 1816 autem
604 1732 778 1830 inprimis,
803 1726 938 1802 anobis
954 1745 1082 1797 novam
1099 1717 1274 1792 indusium
1291 1719 1567 1817 inquisitionem,

390 1858 491 1932 quarn
507 1851 638 1908 vocant
652 1823 886 1920 Hispanicam.
935 1817 1045 1907 Quod
1060 1814 1147 1890 salsd
1171 1819 1308 1910 populo
1326 1841 1346 1890 a
1364 1816 1571 1911 quibusdam¹

390 1931 634 2028 persuadetur,
659 1943 697 1997 ut
711 1919 850 1994 nomine
860 1913 934 2012 ipso
947 1938 1019 1988 rem
1034 1908 1187 1986 odiosam
1197 1913 1363 1998 reddant,
1379 1909 1459 1984 crim
1474 1916 1569 1986 nulla

391 2029 459 2100 alia
477 2024 523 2096 ab
550 2023 685 2096 Caesare
709 2015 751 2089 fit
774 2013 925 2086 instituta
947 2006 1143 2105 inquisiti0,
1169 2028 1272 2100 quam
1297 2030 1359 2094 ea,
1384 2028 1462 2101 quae
1486 2030 1567 2081 cum

389 2121 467 2216 jure
500 2118 626 2212 scripto
652 2111 782 2185 scilicet
806 2106 1009 2186 Canonico,
1041 2103 1222 2184 convenit,
1258 2103 1296 2176 &
1322 2097 1444 2176 tssstata
1467 2107 1569 2178 antea

394 2215 461 2289 suit
477 2215 513 2285 in
528 2214 594 2284 hac
611 2205 813 2289 Provincia,
835 2201 938 2297 juxta
952 2197 1039 2272 sedis
1053 2195 1266 2292 Apostolicae
1286 2195 1401 2269 Bullas
1422 2199 1459 2272 δι
1474 2218 1571 2271 com.
1689 2267 1692 2282 ,

390 2309 571 2385 miriones.
594 2304 643 2378 Et
657 2326 703 2376 ne
717 2323 759 2373 ea
772 2294 944 2393 potestate
958 2291 1309 2388 inquisrtoree‚aliter
1322 2292 1424 2386 quim
1440 2312 1570 2366 convea

391 2408 463 2492 nit,
488 2397 706 2497 ntipoffent,
729 2391 905 2468 instruetio
930 2387 1012 2485 ipsas
1033 2389 1078 2462 ab
1098 2384 1234 2460 Caesare
1259 2391 1340 2460 data
1366 2387 1425 2460 est.
1474 2386 1570 2476 Quae

392 2503 430 2576 ἃ
448 2497 521 2593 ipsa
538 2499 575 2569 in
586 2493 752 2568 invidiam
767 2489 936 2572 trahitur,
960 2481 1055 2578 quast
1070 2506 1111 2558 ea
1126 2479 1257 2554 scilicet
1271 2478 1501 2574 Hispanicum
1513 2485 1571 2555 ui·

393 2617 451 2669 rue
477 2599 539 2684 (ut
556 2588 714 2663 nonnulli
723 2581 935 2678 loquuntur)
961 2579 1150 2653 contineat.
1204 2574 1310 2650 Unde
1330 2573 1455 2666 Mafiur
1473 2577 1569 2649 iliam

392 2713 533 2788 quoqne
548 2683 718 2782 publicari
732 2676 957 2760 desideravit,
980 2693 1054 2838 pto
1080 2669 1197 2767 paffim
1224 2668 1304 2743 sciri
1331 2673 1450 2760 posit,
1474 2672 1572 2766 quid·

392 2808 471 2858 narn
490 2783 616 2876 cuique
633 2781 677 2852 ab
698 2771 957 2871 inquisitoribus
993 2789 1022 2840 rt
1042 2768 1275 2841 metuendum.
1326 2763 1437 2853 Quod
1456 2785 1572 2840 tamen

392 2879 537 2974 Reginae
553 2875 741 2949 convenire
759 2891 829 2940 non
852 2866 901 2938 est
917 2861 1044 2944 visum,
1068 2863 1240 2934 arbitratae
1253 2855 1423 2945 sufficere,
1448 2858 1472 2932 si
1498 2865 1572 2956 ejus

394 2979 498 3068 copia
518 2966 677 3043 Consiliis
702 2964 819 3043 fieret,
844 2963 888 3032 ad
915 2977 994 3052 quae
1018 2957 1177 3051 exempla
1201 2954 1272 3046 jam
1302 2956 1439 3070 pridem
1464 2955 1573 3028 trans·

393 3069 489 3144 missa
507 3064 596 3137 sunt.
646 3060 754 3132 Aliud
786 3075 924 3150 quoquo
952 3068 1057 3145 caput
1085 3047 1193 3121 edidis
1215 3045 1317 3120 valde
1341 3067 1571 3142 exaggerant,

394 3186 468 3260 quo
489 3157 722 3254 prohibentur
735 3153 770 3222 in
787 3153 853 3224 hac
869 3146 1054 3221 Provincia
1067 3142 1215 3216 residere
1235 3165 1276 3215 ac
1290 3143 1445 3216 habitare
1459 3146 1571 3217 homi·

394 3282 454 3334 nea
471 3256 606 3352 ignoti,
630 3249 691 3324 nisr
716 3245 872 3320 adierant
891 3247 1136 3317 documentum
1163 3237 1291 3330 prioris
1316 3238 1397 3311 vitae
1423 3261 1465 3312 ac
1488 3259 1573 3314 con·

393 3351 607 3429 versationis.
657 3344 818 3418 Clamant
834 3343 868 3414 id
888 3337 1014 3412 exteris
1031 3331 1097 3407 ess‘e
1118 3331 1364 3429 gravissimum:
1391 3333 1427 3406 δι
1442 3332 1572 3428 pleros-

395 3471 464 3544 que
485 3447 655 3542 originem
670 3443 797 3516 ducere
817 3457 860 3510 ex
877 3435 966 3512 locis
985 3427 1140 3506 infestis:
1165 3447 1251 3524 quos
1276 3448 1391 3504 tamen
1406 3427 1570 3504 haetenus

1499 3547 1571 3600 non

435 3725 498 3814 (3)
519 3724 637 3810 Mofiar
645 3719 867 3810 pensionarius]
885 3714 1059 3866 lacobus,
1078 3709 1349 3860 Antverpiensis,
1371 3709 1457 3777 filius
1468 3709 1570 3795 Joon-

393 3819 441 3878 rtis
457 3813 492 3878 dt
509 3807 713 3877 Gomnrnrr'nae
731 3803 802 3874 Vno
814 3804 885 3868 Mer
897 3822 927 3876 e,
948 3797 1067 3864 Multis
1086 3793 1181 3860 aunis

391 3897 506 3968 dicus,
535 3891 603 3957 srve
627 3889 833 3957 confiliarius
857 3880 1106 3968 pensionarius,
1134 3891 1174 3942 ut
1199 3879 1387 3960 loquimur,
1409 3877 1569 3945 Civitatis

391 3971 665 4058 Antverpienfie,
708 3972 742 4037 ui
756 3969 895 4034 nomine
909 3963 1081 4034 Ordinum
1098 3963 1234 4042 longam
1248 3961 1483 4043 prolixamque
1493 3977 1568 4026 ora·

390 4063 521 4128 tionem
534 4055 651 4123 habuit
667 3989 711 4120 ad
732 4050 900 4121 Caesarem
925 4046 1066 4112 carorum
1081 4043 1127 4111 V.
1147 4043 1229 4110 curn
1246 4060 1334 4108 anno
1350 4059 1441 4122 1555.
1462 4059 1568 4126 regna

389 4145 447 4210 sua
462 4140 578 4208 omnia
600 4137 798 4204 transferret
814 4134 849 4198 sn
871 4130 1041 4276 Philippum
1063 4127 1189 4204 iilrurn3
1209 4125 1306 4208 cujus
1327 4123 1491 4192 summam
1513 4143 1568 4190 re·

391 4225 459 4291 sert
479 4223 566 4290 Pom.
585 4219 680 4286 Haut.
708 4235 768 4284 rer.
795 4212 901 4296 Auflr.
920 4213 941 4275 si
962 4261 970 4278 .
996 4229 1043 4292 14.
1063 4225 1127 4290 top.
1149 4223 1179 4272 a.
1200 4207 1269 4272 An.
1294 4211 1384 4288 155⁶·
1405 4219 1566 4288 receptus

390 4307 439 4374 est
454 4307 587 4372 senator
608 4305 642 4368 in
660 4302 819 4383 supremo
835 4294 1022 4364 Brabantiae
1037 4289 1197 4358 Consilio.
1239 4289 1294 4356 De
1313 4294 1385 4376 ejus
1400 4291 1566 4375 preclara

391 4391 489 4540 prole
504 4387 577 4456 dixi
595 4387 638 4455 ad
654 4382 748 4469 Epist·
768 4377 916 4456 XCVII.
936 4373 1088 4554 {filtraad
1101 4371 1244 4454 Hopper,

1222 3795 1270 3862 uit
1283 3796 1472 3890 'primarius
1490 3795 1571 3878 syn·
