4882 5804
431 737 435 746 Ι
512 611 714 751 ⁴EPIST.
747 605 1054 702 SELECTAE
1084 632 1151 698 An
1180 611 1520 712 DIVERSOS.
1554 647 1631 742 143

439 819 530 885 ero,
558 789 708 866 foelicem
739 781 924 860 saccellum
950 783 1062 880 spero.
1109 782 1237 860 Habeo
1258 789 1302 860 ali
1329 811 1391 864 uot
1412 815 1481 866 nort
1508 795 1630 886 vulga·

439 917 493 966 res
513 889 641 965 amicos
667 887 703 958 in
720 881 909 978 Germania
932 879 1116 967 inferiore,
1134 881 1261 976 quibus
1276 811 1439 961 abamuo
1456 889 1539 960 olim
1553 886 1629 964 sum

439 985 711 1064 commendatus.
761 977 807 1052 Iis
825 978 940 1053 omnia
962 978 1006 1050 ad
1024 975 1191 1074 quaestum
1215 975 1442 1054 referentibus
1461 1007 1532 1056 non
1551 987 1626 1080 pla-

440 1083 556 1168 cebit,
589 1078 639 1151 sat
671 1075 763 1162 scio,
795 1072 890 1168 quod
923 1071 1117 1146 uberiorem
1174 1095 1357 1148 roventum
1381 1077 1417 1148 in
1443 1074 1631 1154 Germania

416 1191 419 1198 “
439 1177 597 1273 sperem,
622 1170 702 1246 ciam
725 1168 890 1242 nostratia
905 1166 981 1240 fora
1002 1171 1110 1240 multo
1147 1188 1200 1242 rnt
1219 1171 1388 1243 uberiora.
1438 1171 1486 1244 Et
1503 1175 1630 1250 deinde

439 1274 530 1347 aliud
547 1267 825 1364 suspicabuntur,
850 1287 955 1358 quare
977 1261 1184 1360 superiorem
1205 1287 1357 1358 quaeram
1384 1265 1626 1344 Germaniam:

439 1369 498 1442 led
517 1387 631 1440 tamen
649 1361 797 1458 praesens
814 1359 981 1454 quicquid
1000 1356 1101 1432 idest
1122 1355 1303 1435 dillolvere
1321 1361 1483 1437 conabor.
1534 1366 1630 1442 Haec

442 1463 492 1540 est
507 1460 724 1538 consiliorum
740 1479 896 1531 meorum
917 1453 1054 1528 summa.
1084 1453 1167 1528 Fuit
1184 1476 1298 1528 autem
1310 1457 1394 1529 mihi
1408 1482 1629 1556 pergratum,

443 1565 537 1655 quod
553 1577 646 1630 tuam
662 1576 802 1649 quoque
818 1573 924 1648 opem
945 1549 1178 1648 benignissime
1193 1552 1378 1641 obtuleris,
1406 1558 1463 1628 cui
1477 1581 1542 1652 ego
1555 1557 1629 1654 jam

443 1677 543 1730 antea
562 1654 706 1726 multum
722 1649 853 1734 debeo,
878 1646 957 1720 cium
976 1669 1046 1720 tuae
1064 1646 1108 1720 de
1124 1668 1178 1719 me
1193 1651 1530 1740 commendationes,
1549 1651 1631 1730 cium

444 1755 590 1848 privatae
612 1768 685 1820 tum
708 1749 877 1842 publicae,
902 1739 1167 1818 honestiffimam,
1193 1741 1276 1814 mihi
1300 1745 1502 1836 opinionem
1536 1749 1629 1842 apud

445 1845 566 1921 doctos
578 1841 616 1917 dt
631 1842 796 1918 studiosos
816 1840 1024 1937 pepererint.
1050 1835 1099 1910 Et
1111 1835 1159 1908 est
1176 1837 1261 1912 mihi
1276 1837 1436 1933 profecid
1452 1842 1513 1916 iste
1528 1846 1634 1938 longe

438 1945 611 2016 'maximus
631 1937 823 2014 studiorum
837 1957 991 2010 meorum
1005 1930 1158 2017 lrublus,
1179 1955 1312 2027 querna
1327 1955 1361 2008 te
1380 1937 1527 2035 accipio.
1577 1941 1633 2012 Ac

439 2047 526 2114 'eum
551 2057 763 2133 perpetuum
789 2032 866 2108 fore
887 2031 1015 2126 spero,
1042 2051 1120 2102 nam
1138 2029 1227 2100 mori
1253 2051 1308 2100 me
1333 2029 1467 2108 Hercle
1491 2036 1632 2123 malim,

447 2134 553 2230 quam
574 2155 649 2205 mea
671 2133 785 2224 aliqua
810 2130 913 2222 culpa
939 2149 1031 2199 tuam
1048 2125 1203 2197 amittere
1218 2123 1505 2202 benevolentiam.
1554 2131 1634 2205 Do-

449 2229 534 2303 mini
556 2231 688 2301 Antonii
713 2229 850 2318 Fuggtri
873 2219 992 2296 lavore
1014 2219 1161 2292 multum
1192 2221 1310 2306 nitor,
1335 2221 1372 2294 dt
1402 2225 1551 2302 arbitror
1577 2251 1634 2302 me

439 2329 485 2400 'in
501 2323 637 2396 firmum
649 2323 817 2394 inclinare
837 2319 1013 2411 parietem.
1064 2313 1154 2386 Cum
1177 2317 1265 2390 verd
1282 2337 1341 2387 tun
1352 2322 1540 2396 authoritas
1557 2325 1634 2419 plu·

446 2425 572 2496 timum
590 2418 682 2512 apud
707 2438 784 2491 eum
800 2418 937 2500 valeat,
963 2413 1000 2486 δι
1015 2432 1078 2485 tuo
1096 2409 1230 2504 judicio
1246 2413 1392 2484 multum
1411 2416 1559 2492 tribuat:
1583 2421 1635 2513 ju·

447 2519 539 2592 veris
557 2536 612 2586 me
632 2534 701 2585 non
715 2533 856 2608 parum,
882 2507 904 2580 fi
930 2507 1007 2582 crim
1032 2506 1095 2578 tibi
1112 2508 1357 2600 opportunitas
1384 2512 1427 2583 ad
1454 2535 1531 2586 eum
1554 2510 1635 2587 scri·

447 2613 555 2688 bendi
576 2607 700 2696 luerit,
725 2607 940 2680 voluntatem
956 2600 1061 2696 ipfius
1079 2620 1139 2672 tua
1157 2603 1454 2682 commendatione
1469 2609 1636 2684 incitave-

449 2713 506 2784 ris.
555 2705 715 2778 Arbitror
738 2726 816 2776 eum
845 2701 1049 2796 propediem
1067 2699 1126 2774 bic
1147 2694 1332 2786 futurum,
1357 2697 1404 2774 fic
1432 2706 1522 2778 enim
1550 2703 1635 2778 mihi

450 2803 570 2879 retulit
581 2799 798 2893 Mariarrgelus
811 2793 1004 2892 Accurstus(
1019 2793 1061 2889 1)
1076 2793 1137 2888 qui
1152 2793 1227 2867 heri
1241 2796 1353 2870 hucin
1368 2802 1515 2890 patriam
1531 2799 1636 2874 trans·

450 2904 502 2974 iit.
552 2897 638 2992 Ejus
652 2899 779 2991 opinor
797 2891 862 2964 tibi
882 2915 1008 2965 nomen
1032 2887 1098 2962 elle
1124 2909 1260 2966 notum:
1287 2893 1396 2965 edidit
1417 2896 1505 2966 enim
1525 2918 1636 2990 nuper
1762 2967 1766 2976 ,

324 3007 326 3012 “
449 2991 679 3092 'Cuffltdorum,
705 2991 887 3084 &aliquot
904 2989 978 3060 Am.
994 2987 1085 3058 Mur.
1102 2985 1210 3059 libros
1223 2982 1260 3055 δι
1278 2987 1449 3084 integmm
1465 2992 1560 3064 hunc
1578 3014 1636 3064 an·

451 3109 533 3164 num
550 3090 620 3188 egit
638 3087 731 3182 apud
754 3087 804 3158 D.
831 3083 1012 3155 Antonium.
1060 3077 1162 3155 Visus
1188 3081 1236 3156 ell
1261 3082 1346 3154 mihi
1371 3083 1460 3158 bene
1475 3106 1637 3160 oneratus

454 3187 565 3260 redire
584 3207 629 3272 ex!
644 3182 852 3266 Germania,
877 3199 941 3252 nec
965 3197 1092 3250 temere
1111 3173 1177 3249 elle
1195 3177 1289 3271 quod
1307 3199 1382 3250 earn
1406 3181 1533 3252 laudat.
1568 3179 1639 3256 Re·

455 3283 520 3353 diit
536 3279 572 3354 δι
589 3279 765 3373 superiore
784 3297 873 3349 anno
891 3295 936 3348 ex
954 3271 1145 3346 Germania
1161 3271 1251 3346 bene
1267 3295 1461 3350 nummatus
1486 3277 1641 3351 Gauricut

455 3375 594 3472 quidam
621 3373 902 3446 Mathematicus.
934 3367 1007 3464 (a)
1046 3367 1172 3440 Sedis
1205 3389 1276 3440 non
1306 3369 1477 3444 obturatis
1501 3371 1641 3445 auribus

1537 3469 1641 3541 Sirae·

501 3645 563 3732 (ι)
584 3643 791 3725 Mariangtiur
808 3641 984 3725 Aetufflm]
1007 3660 1051 3706 ex
1069 3639 1104 3706 A
1143 3639 1185 3704 ila
1207 3639 1336 3724 oppido
1364 3641 1460 3726 regni
1474 3641 1641 3726 Neapoli·

457 3732 549 3807 tani,
572 3727 735 3802 criticus,
756 3727 814 3806 qui
831 3739 953 3790 vetera
969 3723 1038 3790 mss.
1055 3722 1088 3788 se
1123 3737 1197 3790 atus
1210 3724 1259 3790 est
1279 3724 1321 3789 ad
1343 3725 1564 3806 corrigendos
1579 3743 1641 3790 an-

449 3815 569 3911 'tiquos
589 3808 781 3906 scriptores.
833 3805 1138 3902 Primusvulgavit
1159 3806 1228 3872 hoc
1251 3805 1324 3887 ipso
1352 3825 1443 3872 anno
1467 3806 1639 3908 ‘Gaffiodori

455 3887 1641 4072 taillia}dalaia.{labiaaeneaitata.il:

456 4065 505 4132 est
524 4061 647 4146 Bayliur
672 4063 706 4121 in
725 4056 794 4123 did.
813 4053 877 4138 bril.
899 4061 1005 4120 mrito.
1028 4051 1139 4128 Verbo:
1162 4053 1357 4131 Marcellin,
1379 4053 1416 4122 dc
1437 4057 1546 4124 verto:
1568 4055 1641 4124 Ac·

455 4144 564 4218 curse.
605 4143 693 4208 Item
713 4139 839 4204 Miraeus
857 4143 890 4202 in
906 4142 1041 4204 eudemo
1061 4153 1125 4223 rap.
1143 4153 1196 4222 42.
1216 4142 1248 4200 in
1266 4136 1335 4204 edit.
1356 4137 1484 4204 Fabricii
1498 4157 1534 4238 p.
1555 4142 1586 4208 8.

495 4227 559 4315 (a)
584 4224 737 4294 Gauricut
754 4221 877 4305 quidum
895 4219 1136 4303 mathematicas]
1160 4219 1300 4286 nomine
1320 4219 1438 4296 Lucos,
1459 4223 1576 4305 episto
1599 4239 1640 4288 ns

458 4307 676 4380 Civitatenfis
694 4307 732 4371 in
748 4321 853 4396 regno
864 4303 1112 4390 Neapolitano,
1131 4302 1176 4368 de
1197 4320 1285 4384 quo,
1306 4301 1456 4383 illubet,
1475 4307 1556 4372 vide
1611 4311 1640 4369 i-

454 4413 549 4482 terun.
567 4410 637 4460 run.
659 4407 711 4472 30.
730 4409 750 4454 a
768 4406 801 4474 p.
822 4405 893 4476 145·
913 4389 972 4474 qui
999 4384 1146 4456 curiosas
1172 4386 1244 4470 ejus
1269 4384 1350 4450 vitae
1370 4385 1641 4482 circumstantias

460 4477 590 4562 refert,
616 4473 676 4545 sed
694 4489 767 4542 non
786 4473 942 4549 meminit
959 4473 1032 4562 ejus
1038 4515 1055 4556 ,
1072 4467 1166 4559 quod
1184 4463 1384 4554 uicimus
1401 4473 1533 4555 annuit,
1554 4471 1638 4537 dum
