4840 5830
683 539 727 694 ¹a
813 589 1048 692 vrotu
1084 523 1439 681 aratura
1476 541 1840 692 zurcuann
1919 719 1922 725 ¹

708 782 903 859 Maluissem
923 808 968 857 ex
985 783 1146 877 praesenti
1171 804 1286 856 tecum
1311 785 1492 879 colloquio
1511 785 1625 880 aliqua
1650 794 1784 874 notitiae
1801 793 1895 870 semi·

705 907 751 955 na
766 878 903 976 jecisse,
930 901 1111 974 antequam
1137 879 1179 950 ad
1204 877 1417 952 scribendum
1436 879 1565 954 absenti
1581 889 1792 962 accederem.
1826 893 1897 966 Sed

703 1000 799 1052 nunc
813 977 1037 1048 'voluntatem
1055 997 1165 1046 meam
1186 995 1379 1046 remoratur
1395 975 1593 1048 Bufileenlis
1622 986 1807 1059 tumultus:
1837 991 1897 1061 ali·

705 1074 847 1170 quando
867 1093 980 1144 tamen
999 1093 1053 1142 roe
1069 1069 1210 1141 beatum
1230 1071 1384 1164 putabo,
1402 1070 1472 1142 fite
1490 1071 1608 1145 videre
1624 1099 1760 1170 potero.
1786 1081 1896 1177 Quod

706 1192 786 1244 cum
806 1166 878 1262 ipse
893 1172 962 1262 jam
977 1168 1037 1238 diu
1050 1163 1291 1261 desiderarim,
1317 1189 1390 1239 turn
1413 1190 1468 1239 me
1489 1188 1634 1263 patruus
1652 1176 1791 1266 quidam
1803 1203 1898 1254 meus

706 1263 799 1360 saepe
814 1267 973 1336 hortatus
989 1262 1046 1334 est.
1081 1260 1116 1334 Is
1135 1259 1203 1332 fuit
1215 1261 1397 1332 bernardus
1412 1263 1517 1336 Baelo
1539 1263 1703 1342 Decanus
1722 1273 1758 1344 in
1778 1272 1895 1371 Haga-

708 1361 880 1445 Comitis,
901 1365 1002 1454 cujus
1027 1357 1223 1450 benignitas
1247 1355 1358 1429 studia
1380 1381 1454 1430 mea
1471 1357 1606 1454 semper
1622 1366 1717 1438 aluit.
1769 1367 1897 1466 Nuper

705 1481 792 1532 vero
811 1479 854 1530 ex
872 1456 964 1528 vivis
982 1450 1158 1526 discedens
1175 1449 1358 1525 tristissimo
1388 1457 1509 1528 mortis
1534 1457 1604 1530 suae
1629 1464 1757 1535 nuncio
1773 1489 1828 1540 me
1847 1467 1897 1539 as·

597 1537 609 1561 ⁶
705 1553 809 1635 fecit,
833 1549 1021 1626 liberaliter
1050 1569 1165 1622 tamen
1192 1547 1380 1622 studiorum
1408 1573 1565 1624 meorum
1593 1555 1777 1651 impendiis
1802 1564 1901 1638 testa·

709 1669 828 1723 mento
843 1645 1032 1742 prospexit.
1083 1641 1219 1715 Vrbem
1237 1662 1272 1715 te
1294 1643 1490 1738 intelligere
1517 1650 1685 1740 quantum
1705 1656 1735 1726 is
1758 1673 1792 1728 te
1809 1682 1900 1732 ama·

705 1748 771 1830 rit,
797 1764 900 1840 quam
924 1741 1072 1815 fideliter
1090 1760 1212 1812 contra
1226 1736 1362 1812 insanos
1379 1739 1546 1833 quosdam
1562 1746 1750 1821 crabrones
1776 1752 1898 1828 desen·

708 1841 819 1925 derit,
843 1859 923 1910 nam
953 1837 991 1911 δι
1016 1834 1156 1931 exejus
1182 1836 1320 1908 nomine
1344 1837 1388 1908 de
1415 1858 1476 1912 tua
1494 1837 1707 1935 benignitate
1733 1852 1899 1944 maJ‘orem

708 1935 805 2033 speni
829 1935 1063 2028 conciperem.
1115 1929 1253 2006 Tamen
1276 1953 1349 2004 eam
1376 1949 1414 2004 tu
1439 1955 1522 2029 erga
1555 1957 1672 2011 omnes
1699 1946 1900 2024 comitatem

707 2053 783 2130 prae
806 2053 842 2106 te
865 2029 959 2118 fers,
982 2047 1021 2101 ot
1033 2046 1104 2098 non
1118 2029 1264 2101 aliorum
1283 2027 1493 2104 adminiculo
1505 2052 1595 2126 opus
1612 2031 1677 2123 fit,
1701 2035 1761 2112 sed
1778 2061 1901 2140 tuapte

709 2148 832 2204 namra
853 2128 898 2201 ad
925 2122 1152 2198 redamandus
1176 2125 1333 2202 homiues
1352 2125 1404 2198 tui
1421 2123 1589 2204 studiosos
1609 2133 1823 2213 admonearis
1839 2145 1903 2214 im·

709 2221 928 2322 pellarisque.
976 2218 1130 2294 Confido
1146 2221 1287 2316 itaque,
1311 2220 1527 2298 eruditislime
1544 2224 1699 2320 Erosm,
1724 2227 1841 2309 essere
1858 2259 1904 2310 ae-

709 2343 782 2416 quo
811 2323 926 2394 animo
947 2315 1184 2412 susceptumm
1219 2317 1309 2389 banc
1332 2339 1442 2390 meam
1475 2319 1684 2414 epistolam,
1717 2329 1786 2421 qui
1809 2354 1904 2406 com·

708 2415 800 2515 pulsi
816 2414 955 2501 sumus,
974 2436 1077 2509 quem
1094 2435 1177 2506 erga
1192 2433 1227 2485 te
1241 2413 1393 2506 gerimus
1408 2411 1568 2487 offellum
1581 2443 1795 2511 expromere.
1820 2426 1903 2502 Nec

710 2513 843 2587 diutius
853 2535 908 2586 me
917 2513 1020 2608 potui
1036 2509 1099 2602 (ut
1111 2532 1156 2581 ex
1172 2506 1446 2600 animoloquar)
1474 2512 1668 2598 continere,
1694 2519 1779 2611 quin
1796 2544 1903 2614 quan.

711 2628 838 2705 topere
869 2631 904 2681 te
935 2628 1103 2688 amarem,
1121 2602 1265 2696 epistola
1282 2603 1451 2687 testarer,
1468 2627 1557 2710 ‘cum
1588 2631 1633 2680 ex
1653 2612 1722 2682 tuis
1749 2611 1901 2708 schedis,
1998 2687 2001 2694 .

711 2727 798 2800 quas
827 2704 928 2778 multi
951 2697 1165 2774 Philetasmii
1180 2722 1259 2773 cum
1280 2695 1385 2769 Carula
1409 2699 1583 2792 legimus,
1607 2703 1790 2784 nebulonis
1806 2713 1900 2791 istius

712 2800 767 2875 H.
792 2798 837 2872 E.
862 2799 1054 2895 improbam
1071 2794 1258 2888 nequitiam
1280 2814 1324 2865 co
1349 2791 1526 2868 noscerem
1550 2795 1636 2894 (1).
1661 2799 1765 2897 Saepe
1782 2831 1850 2902 pro
1866 2830 1903 2888 te

709 2915 838 2970 contra
858 2892 908 2968 N.
942 2892 1114 2973 stetimus,
1139 2891 1201 2983 qui
1222 2885 1246 2960 st
1264 2910 1310 2960 no
1343 2887 1389 2961 ris
1410 2889 1656 2988 obtemperare
1678 2901 1827 2979 consiliis
1840 2932 1904 2986 vo·

707 2989 848 3076 laidet,
872 2991 1017 3064 inviam
1041 2985 1176 3057 rediens
1201 2981 1421 3079 spontaneam
1448 2983 1538 3062 hanc
1562 2988 1737 3066 infamiam
1770 3004 1903 3079 evitare

706 3085 887 3184 potuisset.
940 3081 1095 3176 Quando
1112 3078 1160 3153 stc
1176 3084 1271 3163 uult,
1284 3079 1439 3170 ,accedat
1464 3106 1526 3157 too
1550 3090 1732 3184 catalogo,
1758 3095 1793 3166 in
1825 3123 1900 3194 quo

713 3184 911 3280 hujusmodi
929 3200 1093 3275 portenta
1106 3177 1251 3271 posteris
1269 3199 1306 3249 es
1321 3195 1404 3250 nota
1424 3179 1635 3256 redditurus.
1684 3183 1764 3262 Oro
1781 3213 1898 3269 autem

714 3299 774 3364 te,
800 3275 984 3352 doctissime
1009 3270 1161 3366 Erasmr,
1198 3295 1242 3344 ne
1269 3293 1311 3345 ex
1340 3272 1541 3369 hujusmodi
1562 3279 1756 3358 belluarum
1786 3287 1902 3366 insana

711 3375 897 3449 virulentia
922 3371 967 3446 de
991 3365 1223 3446 candidissimo
1254 3367 1372 3440 nostro
1405 3395 1486 3467 erga
1513 3393 1547 3446 te
1574 3379 1718 3470 pedore
1753 3384 1902 3468 diffidas.

714 3467 941 3563 Quicumque
957 3465 1121 3539 tibimale
1135 3465 1233 3549 vult,
1259 3486 1338 3538 eum
1357 3466 1395 3540 δι
1420 3489 1484 3539 nos
1509 3471 1641 3544 hostem
1661 3477 1815 3554 nostrum
1831 3485 1901 3561 elle

709 3567 902 3663 judicamus
936 3560 1024 3658 (2).
1059 3558 1164 3635 Nunc
1190 3561 1227 3634 id
1258 3557 1394 3648 scribo,
1426 3583 1466 3634 ut
1498 3565 1676 3659 epistolam
1700 3574 1764 3648 tibi
1783 3601 1900 3656 extor-

711 3683 858 3758 queam,
882 3677 1016 3732 taotum
1031 3657 1121 3730 enim
1143 3677 1319 3748 nunquam
1330 3655 1466 3750 sperare
1476 3656 1549 3732 sum
1565 3664 1685 3753 ausus,
1708 3667 1768 3744 sed
1783 3695 1825 3748 ut
1840 3702 1899 3754 me

709 3751 937 3854 profusissime
953 3773 988 3828 te
1013 3774 1126 3826 amare
1140 3751 1344 3844 intelligas,-
1357 3749 1664 3853 paratumqu‘edse
1685 3785 1726 3840 ut
1747 3791 1815 3865 pro
1845 3777 1900 3946 vili

1843 3894 1872 3943 rt

750 4028 814 4114 (1)
836 4025 917 4111 δορα
931 4041 991 4112 pro
1011 4039 1039 4087 re
1059 4038 1159 4088 contro
1179 4023 1243 4092 Lu.
1266 4023 1328 4094 Ca.
1343 4025 1502 4110 sistimus,
1523 4035 1576 4116 qut·
1596 4032 1629 4114 fi
1655 4035 1760 4117 nostras
1786 4042 1895 4110 obtem,

704 4130 812 4204 perure
829 4109 952 4191 confilir‘s
970 4105 1128 4189 vosuiffer,
1148 4111 1180 4180 in
1204 4115 1293 4176 vium
1312 4107 1424 4176 reditur
1435 4111 1628 4195 spontaneum
1647 4118 1721 4182 horst
1744 4123 1892 4205 miseriam

710 4197 746 4265 U
757 4193 917 4278 infamiam
935 4195 1052 4258 evitare
1064 4189 1214 4341 potrgffet.
1255 4191 1395 4288 Potr'amr
1412 4199 1512 4277 itaque
1530 4194 1632 4260 Lucii
1643 4197 1811 4294 'Catilinae
1824 4217 1894 4273 exi·

611 4385 618 4398 .
708 4272 1261 4441 ‘s‘afllslsalllslqols
1280 4277 1652 4427 sislstssfflsm
1675 4281 1757 4350 “¹¹2
1780 4287 1891 4376 [Μ’

746 4440 811 4530 (2)
831 4439 898 4509 Ner
916 4439 951 4508 id
963 4438 1160 4527 ntnrscribo,
1180 4456 1214 4509 ur
1231 4438 1305 4511 dcc.
1325 4441 1379 4509 lta
1398 4433 1436 4508 in
1456 4443 1531 4513 ead.
1549 4441 1636 4514 edit.
1653 4443 1846 4530 Erremus.
