4882 5804
746 661 830 756 ota
857 645 1099 756 vruttt
1125 675 1193 746 ro
1221 619 1484 752 arura
1511 653 1888 761 zurcmutrr

749 839 910 922 floritura
924 835 975 914 'iit
994 837 1130 916 seculis.
1179 837 1240 914 De
1256 861 1383 937 genere
1408 842 1556 930 mortis,
1577 845 1768 944 ultimaque
1790 847 1863 945 ejus
1885 869 1949 926 vu·

752 941 888 1016 tentate
905 959 948 1010 ac
973 959 1088 1012 rerum
1115 932 1340 1032 dispofitioue
1352 988 1365 1025 ,
1387 939 1543 1012 noudum
1565 943 1754 1038 quicquam
1780 945 1867 1018 mihi
1893 967 1953 1022 ex·

753 1037 895 1134 p'iorare
914 1034 1013 1109 licuit
1024 1085 1035 1118 ‚
1047 1035 1200 1108 arbitror
1210 1053 1324 1106 tamen
1336 1032 1539 1126 Boutfoct'am
1556 1039 1822 1129 Ameriaciiam,
1837 1037 1957 1114 uirum

755 1132 930 1226 optimum
949 1127 988 1202 dc
1008 1128 1286 1214 eruditiffimum,
1312 1151 1354 1202 ac
1379 1129 1603 1224 Hieronymum
1626 1133 1809 1208 Frobeniam
1832 1135 1869 1207 in
1894 1138 1956 1210 ali·

756 1249 845 1326 quot
863 1228 973 1301 unciis
995 1224 1152 1300 haeredes
1176 1221 1243 1298 effe
1267 1225 1427 1322 scriptos.
1477 1225 1626 1301 Doaori
1650 1232 1810 1304 Ladoor'ce
1834 1231 1965 1328 Zcegier

756 1345 858 1400 tuum
876 1323 1046 1398 stlerttium
1061 1319 1238 1408 excusavi,
1263 1320 1322 1398 sed
1337 1342 1452 1396 tamen
1469 1323 1506 1394 id
1532 1341 1603 1397 tuae
1627 1323 1743 1399 literae
1758 1327 1873 1422 aptius
1893 1323 1964 1400 ‹ffi-

757 1422 862 1498 cient
915 1419 976 1493 Est
999 1420 1055 1492 vit
1076 1420 1297 1512 cumprimis
1320 1414 1543 1494 honestus&
1573 1422 1693 1514 praxis
1717 1421 1810 1496 bene
1837 1445 1970 1520 exper-

762 1535 841 1603 tus,
865 1513 960 1613 apud
981 1537 1087 1612 quem
1111 1515 1185 1588 filio
1212 1511 1368 1588 discendi
1396 1511 1532 1589 occasio
1560 1517 1700 1592 minime
1719 1519 1843 1594 deerit.
1894 1519 1967 1596 Eo·

761 1637 833 1712 que
862 1613 1003 1686 nomine
1029 1613 1062 1686 ei
1090 1611 1226 1708 agenda
1259 1606 1309 1684 est
1345 1611 1458 1709 gratia
1471 1645 1485 1700 ,
1542 1611 1676 1686 uamfi
1705 1637 1750 1690 ta
1777 1615 1967 1712 atiquando

760 1709 892 1786 referre
908 1709 1082 1796 volueris,
1107 1727 1184 1780 mea
1204 1707 1394 1804 opinione,
1413 1635 1609 1818 appodtum
1625 1734 1753 1786 munus
1770 1712 1839 1786 erit
1858 1714 1971 1806 magis

761 1807 948 1908 poculum,
973 1802 1078 1901 quim
1102 1803 1260 1878 cathena.
1310 1799 1366 1876 Ea
1390 1821 1481 1876 emm
1509 1814 1550 1878 ut
1573 1801 1615 1879 stt
1635 1805 1854 1902 spectabilis,
1874 1805 1968 1906 plus·

762 1905 885 1980 culum
897 1902 973 1978 auri
990 1901 1146 1997 requirit.
1196 1895 1364 1972 Pocuium
1379 1899 1471 1994 yerd
1492 1924 1536 1974 ex
1549 1923 1696 1999 argento
1712 1900 1863 1988 Fadium,
1888 1907 1972 2000 pius

761 2001 870 2076 habet
885 2000 921 2071 in
940 1995 1054 2096 specie
1078 1997 1117 2072 δι
1133 1994 1247 2070 minus
1261 1996 1303 2068 iu
1317 1997 1457 2091 pretio,
1478 1999 1738 2096 jucundamque
1754 1998 1876 2075 merus
1896 2003 1968 2075 me·

628 2123 633 2130 ·
763 2095 910 2170 moriam
932 2095 1063 2167 excitat
1087 2113 1232 2179 eorum,
1265 2093 1328 2187 qui
1352 2091 1584 2168 donaverunt.
1634 2093 1684 2171 Et
1708 2097 1794 2170 iicet
1821 2119 1973 2195 quoque

763 2190 895 2287 aliquid
919 2185 1113 2284 insculpere
1129 2189 1226 2286 quod
1249 2192 1452 2263 memoriam
1468 2191 1648 2268 donatoris
1666 2189 1823 2270 refricet.
1871 2192 1972 2270 Bene

765 2291 858 2364 vale.
882 2283 1014 2362 Datum
1030 2284 1147 2384 Spirat
1162 2285 1286 2361 ultima
1300 2282 1384 2381 Juiii
1399 2307 1493 2362 auno
1511 2293 1615 2384 1536.

593 2551 719 2620 tro
907 2477 1838 2624 aulsuotatxxxrrr..

594 2643 644 2696 rrio
664 2631 707 2694 11.

593 2712 742 2790 mm
855 2742 1883 2873 ooaumruuoturo

610 3000 715 3108 153⁶·
772 2981 975 3076 deridendi
1003 2981 1236 3089 occasionem
1269 2987 1481 3100 arripite
1509 3005 1638 3072 morte
1672 2981 1840 3096 Erafmi
1872 2989 1977 3101 pie,

833 3096 1149 3214 conflictuque,
1182 3105 1243 3192 oti
1265 3119 1496 3214 occeperat,
1516 3095 1698 3207 defundi.
1726 3097 1866 3186 Breve
1883 3127 1979 3188 rur·

788 3321 792 3330 .
818 3211 897 3331 suc
930 3218 1019 3326 ejus
1054 3211 1226 3440 elssiem
1260 3213 1394 3314 addit,
1425 3209 1484 3303 (θ’
1512 3211 1698 3299 altimum
1725 3211 1981 3300 uoluntatem

844 3441 854 3461 .
948 3355 994 3416 as
1020 3353 1093 3414 cua
1111 3356 1161 3415 aa
1183 3345 1345 3429 nanus,
1373 3349 1420 3411 ac
1436 3321 1546 3412 illios
1564 3319 1623 3418 f?
1648 3321 1837 3414 Uldarrct'
1852 3323 1980 3438 Zasta

835 3333 877 3414 in
935 3357 947 3412 t

825 3348 1031 3555 μαξιναω
1054 3467 1136 3527 aaa
1157 3437 1429 3554 reparandam
1455 3435 1581 3527 dolet..
1877 3489 1881 3494 -

874 3659 936 3738 Otr
954 3662 1040 3736 tulit
1054 3659 1221 3737 haetenus
1239 3662 1482 3758 oportunitas,
1506 3660 1635 3736 Cioiere
1647 3659 1860 3750 charisime,
1875 3679 1916 3737 ut
1930 3663 1978 3739 ad

895 3782 932 3835 te
948 3759 1081 3854 aliquid
1097 3759 1277 3834 literarum
1298 3757 1437 3843 darem,
1459 3781 1540 3832 uam
1560 3782 1628 3854 ego
1658 3760 1887 3854 aliquamdiu,
1917 3781 1978 3834 rte·

781 3855 855 3934 fcio
873 3879 944 3954 qua·
957 3855 1179 3942 conditione,
1204 3857 1254 3929 ita
1276 3874 1467 3950 occupatus
1484 3851 1553 3942 fui,
1578 3875 1618 3928 ut
1641 3877 1755 3951 neque
1771 3855 1980 3930 luberetue·

783 3977 854 4050 que
873 3955 996 4025 liceret
1019 3952 1064 4024 ad
1087 3951 1229 4029 micus«
1246 3948 1405 4024 scribere.
1457 3949 1643 4026 Ubiverd
1671 3953 1717 4027 ad
1742 3954 1812 4027 hoc
1841 3949 1986 4027 forense·

785 4051 897 4124 otium
921 4069 978 4120 me
997 4047 1154 4133 contudi,
1178 4067 1282 4122 novae
1304 4043 1418 4118 rursus
1441 4068 1530 4121 occu
1558 4047 1695 4122 ationet
1720 4049 1858 4122 obortae
1878 4045 1982 4135 suot,¹

786 4165 868 4241 quae
883 4165 939 4214 me
957 4160 1073 4217 tamen
1089 4143 1182 4218 haud
1197 4147 1246 4217 ita
1260 4161 1443 4215 remotatae
1467 4140 1514 4216 fui
1541 4162 1622 4229 ent,
1648 4164 1688 4216 ut
1711 4147 1754 4216 ad
1774 4159 1808 4214 te
1828 4140 1983 4216 scribere

787 4237 990 4328 omisriiem,
1015 4237 1040 4312 fi
1059 4239 1168 4316 modd
1194 4237 1544 4338 eJuuidoueaaliqua
1561 4235 1833 4312 ocuafiooblata
1851 4234 1979 4314 miffet.

788 4335 884 4411 Nam
903 4359 924 4410 a
940 4355 977 4412 te
994 4335 1038 4409 ab
1063 4358 1156 4410 anuo
1170 4333 1351 4411 triceiiimo
1369 4334 1474 4408 tertio
1488 4335 1598 4409 nullae
1618 4335 1747 4407 literas-
1762 4336 1905 4429 accepi.
1929 4354 1981 4408 at·

789 4455 866 4529 que·
877 4455 945 4530 ego
961 4432 1040 4530 post
1059 4453 1195 4507 tantum
1217 4431 1409 4518 filentium,
1432 4453 1554 4528 aptum
1577 4429 1708 4524 aliquid
1732 4427 1906 4504 scribendi
1928 4455 1983 4504 ar·

786 4552 991 4636 cumeorum
1010 4531 1212 4633 captabant,
1237 4529 1335 4632 quod
1350 4549 1444 4612 nuuc
1467 4527 1611 4610 minime
1627 4523 1789 4622 φησι»
1801 4523 1828 4610 fi
1849 4525 1887 4604 qd
1914 4517 1991 4705 [ΕΞ.
