4680 5828
671 668 728 765 92
753 637 995 749 urcem
1021 662 1091 736 rr
1119 635 1377 736 Arrun
1404 627 1777 788 turcerum

673 845 821 920 studium
841 846 953 918 hocce
973 842 1017 918 de
1045 841 1213 916 imitando
1235 839 1376 915 Ummmr
1399 839 1655 940 improbarent,
1680 845 1867 946 respoudit

674 943 710 1015 in
726 964 800 1014 eam
817 937 1040 1014 sententiam:
1068 939 1175 1012 multa
1189 935 1254 1012 ase
1271 935 1337 1010 scri
1363 957 1398 1010 ta
1409 989 1420 1024 ,
1432 943 1527 1013 nulla
1541 943 1628 1016 verd
1642 944 1757 1018 adhuc
1769 947 1869 1022 edita

674 1035 737 1111 nist
759 1039 911 1133 paucula
936 1037 1098 1129 quaedatn‘
1127 1036 1164 1105 in
1195 1035 1316 1126 lingua
1337 961 1477 1124 ftalica,
1510 1037 1547 1108 in
1571 1033 1680 1134 Regia
1703 1044 1863 1136 gratiam.

675 1132 718 1206 In
733 1136 851 1206 animo
872 1133 959 1206 verd
992 1133 1119 1204 habere
1141 1131 1184 1202 de
1206 1129 1325 1204 eadem
1349 1153 1387 1202 re
1410 1129 1507 1204 suam
1528 1136 1705 1227 publicare
1731 1135 1865 1208 senten·

677 1232 782 1312 tiam,
807 1228 870 1300 ubi
892 1233 1042 1322 quietem
1065 1227 1322 1320 impetraverit,
1355 1249 1462 1322 opere
1493 1229 1659 1303 videlicet
1679 1229 1870 1326 proledio,

679 1327 738 1400 tui
752 1345 846 1397 totus
867 1322 1060 1406 incumbit,
1084 1319 1123 1393 dt
1151 1346 1192 1394 ut
1220 1317 1292 1414 ipse
1316 1323 1507 1432 praedicat,
1530 1327 1567 1398 in
1590 1327 1686 1418 quod
1714 1328 1809 1400 mille
1826 1326 1866 1402 dt

679 1423 890 1517 quingentos
910 1419 985 1516 jam
1005 1419 1153 1492 ducatos
1176 1420 1362 1512 impendit,
1388 1415 1467 1492 cium
1499 1421 1579 1494 Rex
1609 1440 1743 1494 tantum
1766 1427 1867 1518 quin·

681 1539 805 1613 gentos
821 1517 936 1590 adhuc
960 1513 1118 1587 donarit:
1144 1537 1170 1584 a.
1187 1537 1258 1608 quo
1281 1535 1395 1586 tamen
1501 1517 1617 1590 lissima
1645 1539 1787 1592 munera
1812 1539 1877 1593 ex-

680 1614 818 1710 pesiat,
848 1611 910 1684 ubi
942 1613 1060 1706 operis
1091 1607 1241 1682 studium
1262 1607 1409 1684 senserit.
1493 1637 1551 1684 um
1589 1613 1703 1685 Bomio
1733 1636 1876 1710 nequeo

682 1731 757 1781 cam
778 1729 883 1805 quam
908 1710 1014 1802 cupio
1035 1704 1299 1777 familiaritatem
1327 1707 1413 1778 mibi
1429 1728 1560 1800 parare.
1612 1705 1693 1781 Nec
1710 1712 1801 1783 enim
1822 1709 1874 1786 sa·

681 1807 728 1878 tis
751 1805 867 1876 adbuc
884 1801 1038 1875 Italicam
1055 1803 1209 1894 linguam
1226 1803 1357 1887 calleo,
1380 1825 1445 1874 nec
1459 1805 1573 1877 audeo
1591 1801 1656 1875 else
1675 1805 1877 1890 molestior,

683 1896 765 1974 tium
780 1902 838 1972 ille
851 1900 958 1971 latina
980 1921 1051 1970 non
1076 1895 1154 1968 satis
1178 1898 1337 1970 lubenter
1351 1919 1479 1970 utatur.
1530 1896 1571 1970 Si
1586 1901 1726 1992 qnando
1741 1899 1877 1990 saluto,

683 1997 912 2093 interpretem
934 2017 1039 2090 pato,
1064 1993 1178 2064 uelut
1197 1995 1319 2066 mnbra
1334 1993 1484 2087 aliquem
1500 1993 1701 2081 conseiior,
1724 2000 1785 2092 qui
1805 1995 1878 2078 lta·

683 2094 751 2168 lice
767 2115 846 2167 cum
869 2113 911 2163 eo
931 2091 1031 2184 loqui
1053 2087 1165 2184 poffit.
1216 2089 1307 2163 Cum
1338 2092 1472 2184 Egnatio
1501 2113 1573 2164 non
1596 2089 1676 2164 satis
1691 2094 1726 2165 ei
1745 2117 1876 2170 conve·

686 2190 757 2264 nit:
782 2183 915 2262 causatu
930 2185 1051 2259 diffidii
1068 2187 1203 2278 ignoro.
1256 2184 1390 2256 Brmbus
1413 2207 1529 2260 autem
1543 2186 1579 2262 se
1593 2187 1779 2285 diligenter
1793 2211 1883 2286 pur·

687 2279 758 2381 gat.
808 2283 896 2356 Hoc
915 2303 1028 2355 autem
1046 2302 1158 2372 nuper
1184 2280 1369 2354 admodum
1385 2283 1552 2356 intellexi.
1601 2281 1696 2358 Nam
1721 2285 1799 2360 cum
1819 2286 1883 2360 Al·

689 2385 792 2455 tinius
826 2379 871 2452 ad
896 2400 959 2450 nou
983 2372 1182 2471 scripstss'et,
1215 2375 1347 2472 pestem
1372 2375 1586 2472 Biturigibus
1615 2380 1887 2469 recrudescere,

691 2498 733 2550 ac
750 2473 783 2549 se
800 2477 882 2548 aliar
908 2471 1009 2548 sedeo
1023 2494 1200 2568 quaerere,
1226 2493 1425 2568 cupereque
1452 2475 1624 2568 imprimis
1638 2477 1758 2550 venire
1777 2476 1880 2550 Pata·

689 2574 805 2645 uium:
830 2590 898 2666 ego
919 2569 999 2642 cium
1021 2569 1107 2642 alios
1122 2570 1330 2652 nonnullos,
1355 2589 1430 2641 tum
1450 2567 1487 2642 δι
1512 2571 1659 2640 Brittium
1685 2572 1889 2664 interpella-

691 2669 752 2753 vi,
774 2688 812 2739 ut
827 2667 921 2739 illius
939 2669 1154 2738 voluntatem
1171 2662 1372 2759 adjuvaret,
1396 2659 1631 2760 scriberetque
1650 2663 1816 2740 venetias
1834 2669 1879 2742 ad

692 2785 755 2839 tos
782 2763 909 2858 quibua
932 2759 1130 2834 Academiae
1148 2764 1351 2853 procuratio
1376 2755 1549 2832 commissa
1571 2761 1640 2842 est;
1675 2785 1748 2836 turn
1774 2766 1883 2836 etiam

692 2883 735 2936 ut
760 2863 935 2954 Egnatium
969 2859 1242 2939 exhortaretur,
1325 2875 1353 2924 o
1372 2862 1442 2929 hoc
1467 2857 1648 2950 negotium
1679 2858 1886 2932 nominatim

693 2957 747 3032 illi
765 2951 905 3051 abipso
923 2954 1047 3026 Altum
1068 2953 1271 3024 mandatum
1297 2953 1399 3025 eduld
1415 2949 1538 3024 obiret.
1590 2952 1630 3024 In
1652 2957 1786 3027 caeterir
1807 2956 1884 3048 quit

695 3054 776 3126 dem
791 3073 933 3147 operam
950 3049 1009 3122 ille
1031 3071 1168 3121 omnem
1186 3049 1332 3122 obtulit.
1361 3047 1595 3136 adligandum
1619 3052 1707 3124 verd
1731 3049 1890 3126 seribere

694 3147 730 3225 se
754 3171 823 3222 non
838 3143 933 3241 polle
949 3141 1147 3230 excusavit,
1173 3144 1313 3216 testatus
1338 3145 1429 3216 illius
1451 3165 1531 3236 erga
1553 3143 1587 3214 se
1617 3147 1748 3218 odium.
1799 3147 1890 3218 Mo·-

696 3246 863 3340 nuitqur,
887 3259 927 3312 ut
943 3237 965 3310 fi
983 3239 1101 3312 Alcimi
1125 3237 1369 3313 causaevellum
1386 3237 1600 3324 consultum,
1624 3259 1774 3315 tacerem
1789 3243 1893 3337 apud·

697 3340 884 3434 Egnatium,
912 3337 1083 3428 Stthurtur
1107 3355 1190 3428 qum
1207 3335 1250 3406 ad
1277 3355 1336 3418 te,
1361 3337 1479 3408 eadem
1497 3358 1638 3430 quoque
1664 3335 1788 3434 saepius
1813 3344 1893 3434 jam

698 3437 819 3508 adme
846 3455 891 3507 ex
911 3429 1070 3503 Taurino
1091 3427 1242 3526 sc'ripsrt,
1269 3431 1330 3502 ubi
1353 3428 1519 3504 hastenus
1536 3437 1652 3505 omnia
1673 3435 1706 3506 ei
1724 3437 1773 3507 ita
1799 3437 1883 3508 arri·

698 3527 794 3618 sere,
818 3549 858 3602 ut
872 3527 980 3605 nullis.
994 3525 1146 3621 epistolia
1173 3529 1244 3601 huc
1261 3531 1401 3600 evocati
1429 3551 1448 3598 a
1479 3527 1580 3600 nobis
1602 3532 1769 3622 potuerit.
1820 3535 1885 3604 La·

701 3649 800 3704 aarum
833 3625 1019 3698 Bonamicus
1049 3619 1242 3694 Bononiam
1277 3623 1389 3694 redire
1416 3621 1633 3709 meditatur,
1659 3624 1776 3698 Credo
1805 3629 1888 3722 quia

702 3721 896 3804 Cardinalis
913 3715 1072 3814 Camptgr'i
1095 3717 1186 3794 filius
1203 3717 1272 3814 (4)
1300 3715 1492 3814 quemipse
1508 3719 1570 3793 hic
1598 3719 1770 3816 privatim
1792 3721 1887 3794 instiss

1804 3839 1901 3906 tuit,

746 4009 812 4159 qq)
835 4003 1178 4090 Cardlnndscompegm
1189 4001 1299 4100 filius]
1321 4003 1549 4080 „coamens
1572 4005 1904 4106 Campegim‘nobilit:

706 4133 739 4172 „
777 4085 1264 4171 ononiensts‚Joanmsfi1ius,
1286 4105 1323 4152 rn
1351 4089 1465 4156 lucem
1490 4089 1590 4156 venit
1617 4089 1672 4158 dte
1697 4109 1717 4172 7
1738 4093 1894 4162 Novem.-

706 4177 927 4260 „bris147m
948 4173 1107 4241 &annos
1135 4171 1269 4236 tanttlm
1303 4187 1409 4238 natus·
1434 4171 1676 4240 novemdecim
1700 4175 1892 4248 Patavii&

706 4257 996 4342 „.Bononiae·Jus
1017 4253 1211 4323 Caestreum
1237 4253 1432 4322 incredibili
1451 4255 1647 4322 auditorum
1665 4255 1903 4326 admiratione·

707 4383 733 4420 ,,
750 4359 818 4408 una
834 4355 915 4405 curn
929 4355 1026 4424 patre
1047 4337 1168 4420 Jonnne
1183 4337 1359 4422 compegit,
1382 4339 1479 4420 cujus
1493 4357 1515 4402 o
1543 4339 1649 4404 eruin
1666 4339 1780 4422 pretio
1798 4339 1893 4419 sunt,

709 4419 1068 4509 „moulineptofeffus
1080 4420 1138 4490 est.
1178 4419 1301 4485 Filium
1320 4420 1437 4486 lrubuit
1456 4439 1499 4487 ex
1518 4357 1673 4504 fegitimo
1693 4436 1809 4487 natum
1824 4441 1895 4490 mae

710 4503 1151 4596 *minoritate-tamum.
1163 4519 1352 4586 vocatum,
1373 4503 1434 4592 qui
1447 4503 1600 4593 primum
1616 4503 1811 4594 apostolicae
1827 4505 1898 4580 Cae

1751 4607 1911 4670 tremet&
