4742 5814
561 561 753 660 EPIST.
782 553 1087 653 SELECTAE
1114 577 1181 646 An
1208 555 1542 659 DlVERSOS.
1572 589 1667 711 301³

450 759 686 844 concedetur,
715 752 906 853 praesertim
931 751 1011 826 etim
1033 745 1186 846 Regina,
1211 752 1273 825 ubi
1297 775 1353 827 me
1382 752 1483 828 Anlae
1503 753 1642 840 ¹satietas

452 857 623 952 coeperit,
646 857 764 926 locum
784 853 868 924 milri
892 853 928 924 in
944 845 1187 922 Mechliniensl
1211 847 1340 922 Senatu
1365 851 1552 944 deputarit.
1578 855 1643 928 At·
1713 856 1716 862 ’

453 977 521 1050 que
549 953 600 1024 ibi
628 948 709 1023 sane
743 973 797 1022 me
826 947 1016 1020 studiorum
1050 945 1292 1040 tranquillitati
1321 945 1465 1022 reddere
1494 951 1642 1025 omnind
1689 1017 1698 1042 ,
1806 1025 1812 1033 ,

451 1049 584 1146 cogito.
633 1048 746 1120 Mitto
773 1065 888 1118 autem
915 1039 1220 1138 impraesentiarum
1255 1043 1299 1114 ad
1329 1064 1393 1114 vot
1422 1045 1479 1138 Jt.
1506 1047 1642 1120 Secundi

450 1165 559 1240 opera
583 1144 654 1238 (3)
691 1145 753 1238 qui
781 1141 947 1214 Italorum
979 1135 1242 1232 Doclorumque
1270 1140 1425 1211 omnium
1453 1163 1542 1234 quos
1570 1165 1640 1238 ego

449 1241 591 1321 audivi,
615 1241 772 1334 judicio,
795 1239 943 1334 primam
973 1254 1032 1308 aut
1055 1235 1154 1306 certe
1179 1258 1257 1306 cum
1284 1236 1405 1329 primis
1429 1239 1522 1311 inter
1547 1239 1639 1312 Ger·

448 1341 602 1412 manicos
639 1339 770 1410 Po'e'tas
807 1335 944 1406 laudem
977 1332 1113 1407 metuit.
1171 1329 1280 1403 Filius
1313 1334 1342 1403 is
1376 1329 1444 1406 fuit
1482 1330 1640 1410 Praestdis

448 1435 524 1531 ejus
546 1432 620 1529 (4)
656 1433 756 1528 cujus
788 1449 909 1504 extant
947 1429 1080 1522 Legoliu
1115 1425 1237 1519 Topica.
1265 1427 1340 1524 (5)
1372 1431 1487 1502 Antea
1520 1453 1639 1505 autem

446 1554 561 1628 pauca
584 1533 753 1602 duntaxat
778 1526 1006 1621 exemplaria,
1031 1548 1096 1598 nec
1118 1520 1196 1596 satis
1216 1527 1392 1620 eleganter
1417 1525 1539 1599 excusa
1563 1527 1640 1600 sue·

449 1651 508 1716 re,
532 1623 719 1721 passimque
743 1646 838 1698 nunc
861 1648 880 1695 a
904 1623 1015 1695 doliis
1037 1618 1283 1694 difiderantur!
1326 1620 1639 1698 Communicavere

446 1749 487 1798 ea
519 1724 604 1794 mihi
635 1719 759 1795 fratres
781 1719 992 1802 emendata,
1025 1721 1062 1788 dc
1096 1716 1199 1810 adjici
1237 1716 1385 1810 cupiunt
1413 1715 1571 1792 Naeniam
1600 1721 1638 1792 in

445 1819 537 1893 Mori
560 1839 733 1902 mortem,
758 1837 836 1913 quae
859 1813 1058 1911 simpliciter
1084 1813 1175 1884 inter
1200 1812 1322 1886 funera
1346 1811 1463 1887 oniffa
1490 1816 1637 1910 epistola

442 1917 551 1990 locari
578 1918 718 2009 poterit.
777 1911 881 2009 Rogo
905 1933 1021 1985 autem
1049 1907 1074 1981 li
1101 1909 1205 1982 vobis
1232 1907 1282 1984 est
1304 1913 1436 1996 animus
1463 1934 1503 1983 ea
1532 1934 1636 1984 extu·

443 2013 547 2096 dere,
572 2031 611 2083 ut
637 2011 738 2103 quarn
761 2009 1003 2104 elegantiffimo
1031 2007 1228 2080 charactere
1247 2007 1283 2078 id
1305 2003 1459 2092 faciatis,
1482 2010 1635 2100 optimo·

444 2130 512 2202 que
532 2106 656 2180 Poe'tae
678 2107 827 2199 aliquam
852 2103 994 2196 gratiam
1011 2125 1054 2176 ex
1074 2099 1147 2196 ipsa
1164 2105 1280 2175 littera
1293 2103 1437 2175 addatis.
1461 2124 1466 2133 ·
1490 2101 1634 2178 Etiamsi

441 2203 530 2277 verd
561 2205 632 2274 hoc
662 2223 771 2296 genus
802 2198 921 2294 scripti
955 2221 1025 2270 non
1048 2196 1135 2270 solet
1168 2199 1356 2271 admodum
1391 2197 1458 2273 esse
1489 2203 1635 2286 venale,

442 2318 557 2374 tamen
584 2299 650 2370 tale
678 2296 781 2370 vobis
805 2293 871 2368 elie
895 2293 1024 2380 asl'ero,
1050 2294 1145 2390 quod
1173 2315 1309 2367 aetatem
1333 2295 1431 2368 serat.
1480 2293 1577 2368 Nam
1594 2319 1635 2372 ut

449 2397 531 2468 vina
556 2390 604 2466 stc
629 2394 731 2465 etiam
760 2393 912 2468 carmina
939 2395 1031 2465 bona
1054 2387 1226 2463 vetustate
1247 2390 1391 2484 probari
1414 2390 1533 2466 solent.
1584 2393 1638 2469 Et

439 2492 498 2566 hic
520 2491 610 2564 liber
635 2487 684 2584 (ss
717 2489 801 2584 quid
821 2487 977 2580 judicare
999 2484 1070 2583 ipse
1098 2485 1260 2582 polium)
1286 2488 1322 2561 δι
1346 2489 1485 2581 genium
1505 2489 1633 2578 habet,

440 2591 477 2663 δι
502 2587 657 2660 vittatus
678 2586 737 2658 est.
786 2581 870 2658 Nec
894 2585 1013 2656 Gelenit‘
1038 2583 1112 2678 (6)
1137 2606 1156 2656 a
1179 2605 1259 2655 meo
1280 2579 1503 2656 dissensutunr
1528 2583 1631 2681 spero

434 2684 616 2781 judicium.
672 2680 712 2753 Si
744 2703 808 2755 vos
844 2681 989 2753 omnino
1013 2677 1184 2776 suscipere
1218 2679 1428 2766 nolueritis,
1461 2677 1630 2774 permitto

436 2805 476 2854 ut
495 2781 555 2854 alii
571 2779 797 2864 concedatis,
823 2777 1013 2850 dummodo
1039 2775 1075 2849 δι
1101 2777 1273 2868 eleganter
1300 2774 1337 2846 δι
1360 2774 1544 2848 emendate
1565 2779 1629 2852 im·

435 2879 642 2974 primantur.
693 2873 732 2946 Si
748 2896 907 2946 neutrum
937 2875 1082 2966 placet,
1115 2869 1218 2944 facile
1242 2890 1283 2942 ut
1309 2872 1353 2942 ad
1382 2895 1436 2944 me
1465 2870 1554 2946 liber
1577 2896 1628 2945 re·

439 2973 550 3054 dtat,
574 2995 616 3046 ac
639 2992 660 3043 e
684 2968 968 3056 Francosordia,
993 2966 1187 3047 lucebit,
1218 2965 1427 3054 rescribite,
1451 2969 1535 3060 quid
1560 2969 1626 3044 hac

434 3067 523 3140 inre
544 3067 725 3161 expestare
743 3066 898 3138 debeam.
942 3063 1067 3140 Valete
1083 3061 1261 3144 solicitet,
1288 3059 1325 3133 δι
1348 3063 1393 3135 D.
1420 3062 1624 3136 Amertacnu

434 3187 477 3238 ac
508 3164 631 3236 Gelenio
663 3165 846 3253 plurimam
881 3183 901 3233 a
931 3183 986 3232 me
1015 3156 1154 3233 salutern
1185 3159 1302 3232 dicite.
1364 3155 1622 3254 Nurembergae

431 3257 596 3359 postridie
615 3255 788 3333 Calendas
815 3256 960 3331 Martiae
982 3278 1073 3329 auno
1100 3275 1204 3347 1543.
1565 3277 1593 3290 ··

473 3453 537 3536 (3)
558 3451 615 3535 Jo.
638 3445 759 3518 Secundi
782 3445 907 3532 Opera]
928 3447 1085 3532 poetica,
1106 3464 1126 3512 a
1145 3443 1284 3512 Frobenio
1304 3445 1445 3526 excusa,
1466 3464 1534 3518 nec
1552 3448 1622 3516 Mt·

434 3552 528 3608 reus,
548 3553 613 3601 nec
639 3533 780 3600 Valerius
798 3533 936 3598 Andreas
954 3533 1156 3614 loquuntur.

474 3617 540 3702 (4)
564 3617 705 3698 Praefidis
726 3615 809 3763 ejus}
836 3633 961 3712 nempe
987 3614 1112 3680 Nitolot'
1132 3611 1287 3679 Everordi
1300 3611 1454 3764 praessdis
1475 3615 1624 3683 Mechll·
1654 3683 1656 3690 ,

423 3699 554 3767 'niensss
574 3699 661 3765 lilius
682 3698 784 3764 secun
812 3717 832 3764 o
853 3715 999 3784 gemtus.
1020 3698 1064 3764 V.
1084 3697 1230 3762 Minoum
1251 3696 1286 3764 τ’]
1331 3697 1372 3762 ol.
1385 3695 1483 3764 Andr.

420 3859 426 3874 ι
475 3792 486 3864 (
496 3784 538 3864 5)
559 3783 606 3849 Le
625 3783 687 3848 otio
719 3779 844 3866 Topica]
869 3783 1004 3865 Topica
1034 3781 1143 3868 Juris,
1169 3780 1227 3846 seu
1247 3779 1318 3849 loci
1337 3791 1622 3865 argumentorum

431 3867 579 3952 legales,
602 3803 750 3932 {ovanii
772 3866 864 3944 1516.
886 3863 946 3934 fol.

472 3951 536 4032 (6)
559 3947 696 4038 Gelenii]
720 3945 944 4036 sigismundi,
963 3947 1021 4034 qui
1043 3960 1208 4037 typorum
1229 3947 1321 4036 apud
1341 3945 1516 4018 Proiectum
1541 3967 1627 4018 cor·

307 4079 311 4087 -
414 4027 545 4132 [rector
563 4048 650 4106 erat.
