4680 5828
518 597 714 712 EPIST.
746 614 1056 715 SELECTAE
1086 631 1154 711 Ao·
1182 613 1519 724 DIVERSOS
1576 643 1639 734 33·

434 816 547 892 rendo
561 816 763 904 uoluntate,
787 819 825 895 &
841 815 945 916 quam
962 817 1027 894 tibi
1042 819 1159 896 omnia
1173 819 1210 892 in
1227 817 1320 892 iilius
1331 817 1464 894 aedibur
1481 838 1638 898 commo·

437 915 483 988 da
501 911 568 988 ess'e
583 913 731 1010 poffint,
755 911 780 986 st
798 917 905 992 modo
921 917 1075 990 animum
1092 919 1137 992 ad
1160 917 1199 990 id
1217 937 1317 990 tuum
1332 915 1500 992 inducere·
1513 915 1635 990 velles.

434 1007 637 1085 iterantem
655 1008 817 1086 italicum
834 1035 878 1085 ex
897 1012 1002 1086 animi
1018 1011 1187 1089 sententia
1202 1009 1345 1088 absolvi.
1395 1011 1552 1086 Veneriis
1581 1013 1635 1086 in-

433 1103 497 1180 v‘rsr
521 1103 700 1201 Baptifiam
723 1107 904 1202 Egnatium
921 1106 938 1204 (
950 1106 997 1204 2)
1021 1105 1135 1185 senem
1157 1109 1263 1185 valde
1288 1106 1501 1197 facundum,
1526 1108 1563 1183 δι
1580 1110 1634 1183 bi·

433 1201 564 1290 larem,
589 1225 662 1277 non
678 1203 786 1278 modo
802 1204 838 1278 in
856 1206 995 1300 privata
1010 1203 1279 1292 consuetudine,
1304 1203 1362 1278 sed
1380 1204 1418 1280 de
1433 1206 1470 1280 in
1517 1203 1634 1281 ublica

430 1297 653 1470 fflfeffione.
701 1299 761 1377 De
785 1301 869 1374 teis
891 1300 997 1375 valde
1012 1321 1167 1376 amanter
1181 1301 1340 1398 rogavit,
1364 1301 1489 1376 bono'
1517 1298 1633 1398 ecque

516 1417 571 1471 tus
597 1397 677 1482 est,
710 1417 858 1494 propter
891 1397 988 1492 quod
1014 1397 1052 1473 &
1086 1400 1099 1470 i
1125 1397 1198 1472 sum
1217 1400 1329 1495 pluris
1357 1396 1472 1497 facio,
1497 1393 1537 1472 dt
1553 1418 1634 1472 amo

432 1495 555 1588 magis.
578 1491 675 1566 Nam
693 1493 812 1567 caeteri
832 1494 893 1588 qui
907 1494 968 1567 hic
982 1422 1124 1590 mquid)
1144 1493 1232 1569 scite
1250 1495 1397 1584 volunt,
1421 1517 1465 1568 ex
1489 1517 1533 1568 eo
1554 1491 1633 1570 ferd

433 1606 576 1684 captant
596 1591 774 1685 gloriam,
808 1589 906 1685 quod
929 1587 1127 1683 Erasmam,
1152 1589 1471 1686 Transalpinosque
1493 1589 1634 1666 fortiter

434 1705 684 1776 contemnant,
710 1709 816 1760 unum
833 1685 1046 1762 admirantur
1064 1689 1258 1772 Ciceronem,
1284 1685 1350 1760 eos
1367 1711 1411 1760 ue
1425 1685 1517 1761 solos
1530 1689 1634 1762 laude

430 1779 635 1877 dignantes,
666 1786 730 1880 qui
752 1783 797 1858 ad
823 1783 896 1880 ejus
913 1785 1142 1859 imitationem
1166 1777 1318 1858 studioie
1342 1713 1377 1858 βε
1400 1801 1632 1878 componunt.

431 1875 524 1952 Cum
541 1879 668 1974 quibua
693 1884 763 1976 jam
782 1881 965 1975 aliquoties
982 1881 1147 1956 velitatus
1170 1878 1265 1964 sum,
1288 1877 1348 1954 sed
1367 1875 1495 1974 absque
1510 1883 1633 1954 convi-

426 1975 490 2050 tio.
540 1976 600 2048 Ad
616 1977 713 2071 quod
733 1996 847 2050 tamen
862 1975 1006 2052 subinde
1021 2001 1075 2052 me
1086 1997 1260 2074 provocat
1275 1975 1471 2051 Germanus
1488 1974 1631 2072 quidam

431 2074 494 2168 qui
525 2067 590 2142 suo
611 2073 746 2165 judicio
768 2070 872 2146 valde
895 2070 984 2167 sapit
996 2123 1008 2160 ,
1031 2072 1136 2167 seque
1162 2075 1309 2169 proprio
1326 2073 1507 2170 praeconio
1536 2095 1633 2170 egre·

430 2165 491 2262 gid
520 2165 691 2256 decorat,
716 2165 779 2242 etsr
814 2168 961 2242 aliorum
993 2171 1221 2263 plurimorum
1253 2166 1421 2248 sententia
1448 2169 1630 2244 helleboro

434 2282 689 2358 nonnunquam
708 2265 867 2359 indigere
881 2265 1055 2338 videatur.
1104 2263 1138 2338 Ia
1158 2263 1206 2340 fic
1231 2265 1358 2340 ‘uravit
1371 2267 1408 2336 in
1430 2268 1558 2339 Inani
1570 2265 1632 2340 Ba·

431 2359 551 2430 namr‘rr‘
574 2363 589 2448 (
599 2363 643 2451 3)
668 2361 825 2450 laudem,
850 2361 1017 2434 utnulius
1033 2382 1101 2436 tam
1118 2289 1246 2436 eximi}

429 2451 471 2528 fit
481 2504 494 2541 ,
520 2454 606 2550 quin
632 2457 692 2531 ilie
718 2455 816 2531 illico
844 2457 1085 2552 accinat,sed
1106 2458 1186 2532 nihii
1208 2461 1252 2532 aa
1274 2463 1449 2532 Lazarum.
1501 2456 1552 2530 Et
1575 2481 1631 2532 me

425 2552 595 2648 judicium
612 2573 826 2628 mutaturum
841 2553 908 2640 ait,
933 2553 1027 2626 idem
1044 2556 1137 2629 enim
1156 2550 1194 2626 δι
1215 2555 1398 2629 Hermanno
1422 2549 1515 2646 Fnsn
1539 2555 1630 2630 acci·

431 2643 525 2722 diffe.
575 2647 670 2722 Nam
704 2650 766 2745 qui
792 2648 840 2725 stc
873 2669 943 2724 non
968 2648 1139 2740 sentiunt,
1171 2652 1288 2737 nihil,
1320 2652 1435 2725 inuit
1467 2648 1630 2726 sentiunt.

430 2745 487 2818 Aa
503 2764 575 2818 uon
591 2745 661 2820 boc
677 2747 726 2820 est
741 2745 844 2820 semel
854 2745 1044 2842 perfricare
1058 2745 1240 2824 frontem?
1264 2747 1332 2834 Et,
1358 2675 1470 2820 finon
1486 2745 1549 2820 ista
1565 2748 1629 2822 im·

430 2841 598 2938 pudentia
620 2841 669 2916 est
692 2846 751 2916 vel
773 2844 988 2938 arrogantia,
1013 2866 1109 2920 certe
1135 2843 1281 2918 stultitia
1307 2839 1347 2916 stt
1374 2845 1540 2931 maxima,
1565 2866 1626 2919 ne·

429 2935 518 3012 ceffe
537 2935 597 3012 est,
645 2937 727 3035 Ego
743 2961 858 3014 autem
875 2943 1110 3014 Ciceronianam
1126 2961 1223 3016 tuum
1238 2941 1296 3014 vel
1315 2941 1383 3012 hac
1399 2939 1443 3014 de
1461 2939 1561 3014 causa
1576 2941 1629 3015 di-

429 3034 593 3130 ligentius
620 3035 755 3132 relego,
785 3059 825 3110 ut
851 3037 923 3110 hoc
948 3037 1127 3110 hominurn
1154 3058 1263 3133 genus
1286 3037 1409 3110 melius
1423 3035 1630 3114 retundamt

429 3129 560 3205 tametsi
577 3133 709 3207 invitus
730 3155 810 3208 cunr
824 3129 996 3226 eJusmodi
1010 3133 1157 3228 ingeniis
1175 3135 1211 3206 in
1227 3153 1399 3207 certamen
1415 3132 1530 3204 venio.
1550 3130 1627 3208 Ne·

428 3229 504 3320 quit
520 3229 612 3302 enim
624 3228 795 3302 obstinata
812 3251 932 3299 eorum
952 3250 1049 3300 mens
1070 3228 1302 3324 disputatione
1312 3231 1387 3301 'ulla
1402 3225 1515 3315 flecti,
1542 3229 1629 3324 quin

429 3323 608 3396 irritantur
629 3327 760 3420 magis,
785 3325 1079 3418 contentioneque
1102 3324 1183 3424 ipsis
1196 3324 1275 3399 ansa
1290 3324 1469 3418 praebetur
1485 3326 1627 3422 gravius

429 3417 631 3502 lacessendi,
657 3443 746 3514 quoe
762 3419 923 3492 venerari
940 3419 1125 3495 debebant.
1174 3419 1254 3494 Nec
1274 3441 1388 3492 tamen
1407 3421 1460 3492 his
1481 3415 1626 3495 conseri·

431 3517 524 3586 tiunt
545 3537 673 3588 omnes.
725 3515 775 3588 Et
786 3513 864 3586 sunt
879 3539 923 3590 ex
942 3513 1025 3610 ipsis
1036 3515 1132 3591 Italis
1143 3571 1162 3618 ,·
1177 3518 1240 3612 qui
1257 3512 1502 3604 modestiores,
1526 3517 1627 3590 mini-
1724 3515 1728 3526 '

428 3607 558 3704 meque
586 3609 755 3685 ambitiosr
772 3611 923 3684 debitam
944 3611 1028 3694 tibi,
1054 3609 1092 3685 δι
1112 3615 1219 3688 totius
1236 3614 1329 3686 orbis
1343 3607 1526 3706 suffragio,
1551 3632 1625 3684 om-

430 3707 595 3804 niumque
618 3705 704 3782 vere
718 3709 899 3784 dodorum
915 3708 951 3784 δι
966 3705 1112 3804 fyncerd
1126 3709 1357 3806 judicantium
1368 3705 1625 3817 applausurne

1519 3823 1623 3876 rttam

472 3993 535 4078 (a)
557 3993 728 4080 Bapnflnm
742 3995 927 4093 Egnatium]
947 3997 993 4067 V.
1008 3997 1093 4064 Not.
1115 3995 1158 4064 ad
1181 3995 1297 4091 Vitam
1313 3993 1360 4061 N.
1388 3992 1481 4062 XXI.
1497 3991 1623 4090 ‚Adde-⁴,

430 4077 524 4161 quod
540 4079 599 4146 ille
619 4081 729 4146 multo
746 4081 867 4148 melius
886 4082 993 4160 dixit,
1014 4081 1115 4164 quim
1139 4077 1286 4164 scrrpfit,
1306 4077 1351 4172 διΙ
1364 4077 1522 4176 habuertt
1535 4076 1624 4144 drvr-

431 4175 509 4232 narn
530 4162 713 4246 quamdam
731 4165 930 4232 memoriam
947 4183 1080 4238 rerum,
1125 4181 1185 4229 uas
1209 4173 1428 4237 memoriter,
1453 4159 1623 4246 Jucunde·

429 4265 496 4341 que
515 4246 695 4342 narrabat,
718 4260 759 4312 ut
781 4247 878 4314 estin
900 4249 1015 4348 elogio
1027 4182 1197 4343 deiraham
1215 4243 1343 4339 Corradr'
1362 4243 1454 4328 apud
1473 4243 1625 4339 bailiam,

427 4326 1624 4559 {g<Esauimbrificatiib⁰issb¹ssb¹r¹⁸viii¹nar;

476 4575 628 4652 Tamdi.
1076 4577 1111 4652 E

1264 2359 1386 2439 dodun
1401 2361 1538 2436 recitari
1553 2359 1632 2458 pos-
1783 2393 1785 2396 ·
