4742 5814
473 2921 478 2930 =
523 2909 526 2914 ’
656 2891 800 2991 plurimi
818 2892 1017 2979 auditores,
1042 2888 1104 2985 qui
1124 2911 1196 2962 non
1223 2880 1332 2958 solim
1356 2885 1529 2960 thensau!
1556 2907 1704 2983 augent,

466 501 470 508 ’
624 565 1769 692 aronrntnnnrrrnzmonnnr
1908 581 1910 584 ·

640 803 645 814 '
686 799 915 918 confilium,
966 798 1047 888 nod
1055 795 1154 910 soro
1184 797 1316 888 resino
1336 797 1392 886 nd
1423 799 1587 888 docendi
1607 825 1753 892 manns
1778 830 1842 894 re⁴
1968 861 1970 864 -

689 919 826 1004 mern.
884 909 980 1113 Ipe
1006 941 1060 1000 ex
1088 907 1225 1002 Tam
1244 911 1468 1003 Bononiam
1488 919 1690 1028 migrauit.
1723 913 1840 1016 Lan·-

690 1029 800 1122 desa
821 1019 905 1148 Vlg
923 1025 1050 1136 infidi
1065 1025 1247 1143 scriptas
1263 1023 1427 1140 modeste
1453 1026 1639 1120 declinat.

636 1303 637 1308 a
693 1251 713 1325 1
735 1270 809 1326 non
827 1247 924 1324 aliud
944 1246 1091 1323 nantas
1107 1246 1209 1324 hicn
1235 1247 1347 1322 Kella
1362 1248 1577 1347 promeritus
1596 1247 1646 1326 de
1656 1271 1714 1328 me
1730 1247 1843 1341 effer,

716 1347 777 1423 vel
797 1349 870 1422 hoc
888 1364 1007 1419 samm
1032 1343 1175 1418 nomine
1233 1345 1372 1422 iuribus
1390 1367 1449 1420 me
1471 1346 1620 1423 nexibus
1659 1349 1843 1446 alligavit,

637 1445 736 1542 quod
756 1463 834 1518 tuas
853 1441 968 1516 literas
991 1441 1078 1515 mihi
1094 1364 1270 1516 reddidit:
1296 1464 1376 1537 quae
1396 1442 1564 1518 mihitam
1576 1443 1743 1540 jucundae
1764 1467 1842 1542 gra*

637 1564 755 1637 taque
779 1539 944 1622 fuerunt,
965 1555 1006 1609 ut
1029 1559 1096 1612 nec
1120 1535 1236 1610 Patras
1260 1540 1402 1635 quidem
1428 1559 1560 1612 tantam
1595 1561 1641 1614 ex
1671 1541 1843 1617 machara

638 1641 698 1714 illa
723 1635 783 1710 sua
807 1635 1023 1708 alacritatem
1053 1636 1269 1730 conceperit.
1320 1633 1501 1800 Optabam
1526 1633 1638 1722 seire,
1664 1659 1708 1710 an
1732 1637 1846 1733 Spirae

640 1734 757 1808 adhuc
774 1727 876 1817 effes,
901 1754 945 1804 tn
971 1728 1146 1804 consulari
1170 1752 1313 1804 munere
1367 1732 1563 1826 ungereris:
1590 1731 1669 1806 edm
1701 1756 1785 1808 ecee
1808 1735 1846 1807 in

642 1851 804 1925 tempore
828 1828 978 1903 Andreas
1003 1847 1083 1900 tuus
1112 1847 1192 1899 curn
1217 1827 1339 1901 literis.
1388 1825 1481 1922 Legi
1513 1828 1631 1924 itaque
1658 1830 1734 1903 illas
1774 1831 1847 1903 avi·

643 1925 794 2014 dissime,
818 1925 926 2020 idque
942 1943 996 1996 ter
1017 1921 1055 1996 dt
1080 1943 1222 2018 quater:
1247 1943 1312 1996 nec
1329 1941 1443 1995 tamen
1462 1924 1533 1996 ulla
1548 1925 1685 1998 iteratio
1704 1927 1849 1999 taedium

645 2024 796 2121 peperit.
846 2019 974 2094 Laudo
1000 2015 1183 2094 confilium
1200 2039 1325 2103 tuum,
1350 2016 1449 2115 quod
1465 2015 1662 2094 forensibus
1678 2018 1850 2118 scribligi·

649 2121 777 2206 nibus,
800 2113 1054 2211 illitteratisque
1070 2116 1195 2190 litteris
1210 2113 1357 2202 omissis,
1380 2115 1424 2188 ad
1441 2115 1638 2191 docendum
1656 2137 1691 2190 te
1705 2118 1851 2192 transtm

649 2217 754 2301 letis,
778 2233 886 2308 atque
912 2215 949 2287 id
971 2213 1008 2286 in
1036 2211 1237 2286 orthodoxa
1264 2211 1467 2298 academia3
1492 2231 1599 2308 atque
1628 2215 1731 2288 etiam
1753 2217 1852 2288 lucu·

648 2315 772 2398 lento,
792 2329 834 2384 ut
855 2311 998 2406 accepi,
1016 2309 1226 2394 honorario,
1252 2303 1290 2380 dt
1308 2311 1410 2404 quale
1428 2327 1534 2383 nemo
1557 2326 1637 2384 ante
1653 2330 1689 2386 te
1706 2313 1742 2383 in
1759 2309 1852 2385 Gen

649 2408 766 2484 mania
786 2407 935 2502 accepit.
985 2404 1173 2480 volvimus
1200 2403 1330 2478 sursum
1355 2403 1514 2478 deorsum
1545 2403 1670 2477 &nos
1703 2409 1852 2482 eundem

649 2505 821 2600 lapidem,
848 2503 884 2578 δι
911 2504 947 2576 in
972 2503 1120 2575 eundem
1142 2500 1288 2596 scopum
1325 2501 1560 2574 collimamus:
1597 2525 1635 2574 ut
1662 2501 1851 2578 necessarid

650 2597 832 2676 confilium
851 2622 967 2672 meum
980 2599 1150 2695 probem,
1170 2598 1253 2670 dum
1272 2613 1370 2667 tuum
1381 2597 1499 2671 laudo.
1549 2595 1677 2693 Exegit
1691 2623 1747 2674 me
1766 2603 1853 2673 urbe

652 2699 786 2772 Ticino
804 2698 888 2770 belli
904 2714 1035 2780 metus,
1061 2693 1100 2768 dt
1116 2696 1154 2766 in
1171 2693 1267 2766 istam
1285 2693 1492 2764 academiam
1514 2693 1705 2780 transtulit,
1728 2697 1766 2769 in
1784 2717 1854 2793 qua

654 2791 857 2869 omniasunt
871 2790 1080 2888 quietissima.
1131 2788 1283 2884 Sequuti
1302 2786 1379 2860 sunt
1402 2811 1457 2863 me
1484 2787 1716 2864 discedentem
1729 2794 1855 2961 Fuim-

1745 2889 1858 2964 ed&

509 3009 513 3018 ·
658 3007 808 3072 caeteros
832 2986 1039 3071 conciliant,
1064 2987 1155 3059 inter
1171 3005 1261 3078 quos
1282 2977 1451 3056 Germani
1474 2983 1526 3056 tui
1542 2987 1601 3057 vel
1623 2985 1752 3080 primas
1775 3008 1861 3081 par-

657 3105 710 3160 tes
727 3104 859 3158 tenent.
908 3081 1169 3178 Aggrediernut
1180 3079 1350 3174 proximis
1364 3078 1521 3176 auspiciis
1536 3077 1597 3154 sol.
1622 3101 1705 3154 mat.
1731 3083 1864 3178 &qua-

499 3245 503 3264 .
660 3184 838 3274 deinceps.
888 3177 1001 3272 Quod
1033 3173 1127 3251 sorte
1146 3172 1291 3250 &tues
1308 3169 1661 3250 saslurust'srtamen
1688 3174 1858 3275 ingolsta-

662 3274 789 3352 diensis
808 3273 994 3348 academiae
1007 3272 1105 3368 leges
1122 3273 1160 3348 δι
1181 3294 1295 3349 mores
1307 3294 1387 3345 cum
1404 3269 1614 3346 nostratibus
1633 3277 1858 3348 conveniunt.

663 3372 779 3468 Quod
794 3369 976 3466 gratularis
998 3369 1085 3442 mihi
1099 3367 1215 3441 exiisse
1233 3371 1269 3442 in
1287 3369 1469 3462 publicum
1491 3367 1660 3465 Patage,
1685 3393 1782 3444 more
1796 3391 1859 3444 tuo

663 3469 771 3551 sacis,
796 3466 857 3562 qui
874 3462 1010 3559 semper
1033 3460 1222 3560 plurimum
1236 3464 1402 3538 amieitiae
1426 3463 1550 3536 nosttae
1572 3465 1729 3540 tribuisti.
1777 3467 1866 3562 Ego
1909 3484 1911 3488 ·

666 3561 763 3641 eertd
782 3581 915 3638 tantam
935 3557 1077 3634 laudem
1098 3583 1171 3634 non
1194 3557 1370 3656 agnosco:
1401 3581 1468 3634 nec
1491 3561 1579 3636 aded
1605 3583 1666 3637 aut
1696 3565 1795 3642 illum
1821 3566 1867 3637 li-

666 3663 792 3749 brum,
816 3655 1002 3734 autstudia
1017 3680 1094 3732 mea
1118 3655 1233 3752 probo
1252 3675 1292 3732 ut
1315 3653 1439 3753 sponte
1456 3653 1558 3730 essem
1573 3657 1742 3736 editums.
1792 3659 1865 3735 Sed

524 3816 531 3840 .,
667 3757 816 3833 Domini
849 3755 982 3830 Othonis
1010 3753 1217 3829 humanitati
1247 3753 1460 3847 eandotique
1483 3753 1670 3850 quitquam
1694 3757 1867 3852 denega-re
1970 3819 1973 3826 .

516 3849 525 3872 ¹
554 3891 558 3898 ·
672 3876 789 3950 neque
804 3849 924 3938 volui,
949 3871 1064 3946 neque
1081 3851 1194 3947 potui.
1242 3848 1326 3923 Alio
1353 3849 1414 3923 uin
1432 3871 1526 3924 etam
1544 3874 1654 3947 penes
1685 3876 1741 3928 me
1767 3855 1870 3928 habi·

670 3969 788 4118 tan
805 3945 1191 4117 animata
1204 3873 1869 4139 alienaealienae

768 4093 781 4127 2
937 4090 950 4126 θ
1173 4090 1184 4127 5
1463 4097 1465 4102 ’

672 4137 786 4236 pollet
810 4135 1034 4213 subolescere.
1082 4133 1247 4213 Proxima
1275 4140 1344 4213 etit
1367 4139 1483 4236 aliqua
1507 4140 1575 4214 alia
1604 4139 1750 4228 fetura,
1773 4141 1870 4236 post·

675 4255 781 4330 quarn
796 4253 870 4306 nou
885 4230 1067 4311 finuntme
1089 4233 1295 4332 chartotypi
1309 4232 1459 4310 otiosum
1472 4229 1567 4309 elie:
1588 4236 1650 4332 qui
1670 4258 1743 4308 non
1756 4235 1870 4312 soldm

674 4341 754 4404 mea
769 4353 825 4403 me
841 4331 954 4407 invito
971 4329 1100 4424 edunt,
1123 4328 1184 4406 sed
1196 4330 1312 4406 alienis
1325 4353 1467 4429 quoque
1477 4330 1607 4425 plumis
1621 4331 1749 4408 velant.
1772 4331 1870 4410 Fero

678 4437 797 4504 nmen
811 4448 914 4526 aequo
929 4429 1065 4526 mimo,
1100 4425 1139 4508 δι
1164 4427 1281 4508 omnia
1305 4429 1391 4510 boni
1411 4425 1569 4508 consulo.
1614 4423 1733 4522 Quod.
1757 4427 1785 4507 li
1807 4431 1874 4505 ali·

1779 4547 1880 4629 ‘1⁰⁰⁸
