4840 5830
529 640 722 739 EPIST.
749 639 1058 736 SELECTAE
1085 666 1150 736 An
1177 640 1509 744 DIVERSOS.
1548 675 1625 762 '13

426 842 464 919 in
491 835 668 915 tradendis
696 833 985 933 jurisprudentiae
1011 835 1235 919 rudimentis,
1260 838 1519 934 requirentibus
1545 859 1624 917 tan‹

426 940 508 1015 dem
530 931 657 1010 assensi.
705 933 772 1007 Sed
801 933 956 1006 audaciae
983 933 1078 1006 istius
1105 955 1159 1005 me
1187 930 1308 1027 postea
1338 957 1410 1009 non
1432 933 1537 1011 semel
1554 961 1624 1035 pu-

424 1031 773 1126 duit,poenituitque.
824 1024 1015 1124 Repugnat
1040 1028 1132 1102 enim
1147 1029 1263 1104 adbuc
1282 1050 1388 1116 aetas,
1412 1033 1470 1105 cui
1488 1032 1621 1108 discere
1746 1104 1759 1117 f

423 1130 532 1222 magis
548 1127 652 1222 quam
682 1126 811 1198 docere
840 1123 1094 1221 conveniebat:
1118 1123 1310 1218 praesertim
1335 1124 1415 1199 cium
1435 1150 1479 1200 ex
1500 1125 1619 1204 Patrui

422 1230 490 1301 mei
516 1221 770 1306 munificentia,
785 1241 1048 1387 ¹parentumque
1070 1220 1274 1295 liberalitate
1301 1246 1371 1295 non
1393 1221 1499 1308 defit,
1523 1228 1620 1300 unde

423 1325 510 1398 citra
529 1319 679 1395 docendi
705 1339 782 1413 quae
814 1340 893 1404 um,
926 1339 1004 1387 meo
1029 1316 1152 1411 (quod
1176 1316 1330 1415 dicitnr)
1352 1316 1458 1394 succo
1475 1321 1618 1409 vivere,

422 1415 632 1510 Litterisque
657 1414 766 1486 libere
784 1435 908 1486 vacare
925 1409 1069 1506 possem.
1117 1412 1281 1486 Attamen
1303 1418 1402 1509 gravi
1419 1415 1619 1510 imperiosa-

426 1539 495 1610 que
515 1511 778 1590 cohortatione,
804 1511 904 1583 amici
926 1511 1065 1603 quidam
1085 1529 1156 1580 non
1179 1509 1310 1581 indosti
1324 1512 1369 1584 ed
1388 1513 1618 1607 impulerunt.¹

426 1613 487 1684 Ad
517 1612 593 1682 haec
625 1607 675 1678 ita
698 1606 827 1704 obnixe
856 1605 1101 1678 Adolescentes
1132 1603 1195 1699 ips
1224 1629 1321 1680 ame
1335 1607 1619 1693 contenderunt,

426 1732 466 1782 ut
493 1728 563 1779 non
590 1702 673 1800 quid
699 1703 829 1798 ingenii
850 1702 918 1776 mei
933 1701 1150 1773 imbecillitas
1170 1699 1307 1787 ferret,
1340 1702 1396 1776 sed
1424 1706 1522 1799 quod
1551 1705 1619 1802 ipsr

426 1805 580 1888 vellent,
610 1797 782 1894 suscipere
804 1800 1043 1893 compellerer.
1100 1796 1174 1869 Ubi
1200 1800 1304 1892 igitur
1330 1803 1426 1894 qnod
1451 1800 1620 1881 desidera-

426 1899 511 1974 bant
536 1921 557 1970 a
581 1920 635 1970 me
659 1893 912 1989 inpetrassent,
937 1916 1046 1987 porro
1072 1896 1175 1966 etiam
1193 1889 1452 1988 persuaserunt}
1475 1920 1515 1975 ut
1530 1897 1618 1971 Avi·

425 1998 567 2070 nionem
584 1992 654 2063 uni
671 2012 751 2061 cum
772 1987 853 2154 ipsis
877 1985 1130 2085 proficiscerer,
1156 1990 1315 2062 Andream
1339 1993 1522 2079 Alcimum,
1546 1997 1620 2088 pri·

427 2095 477 2163 mi
496 2093 585 2162 inter
598 2085 689 2179 Juris
707 2085 784 2157 Con
801 2088 893 2158 ultos
908 2087 1055 2158 nominis
1075 2085 1300 2158 professorem
1315 2089 1479 2164 audiendi
1494 2093 1617 2187 gratia,

427 2189 486 2260 sic
502 2183 616 2259 nescio
631 2183 809 2278 quomodo
832 2180 965 2275 sperata
981 2182 1041 2252 diu
1055 2180 1223 2255 invisendi
1242 2178 1544 2284 conspiciendique
1564 2190 1619 2261 tui

427 2279 563 2357 occasun
587 2274 758 2350 subtrasia
795 2274 857 2350 est.
908 2279 1008 2349 Adeo
1035 2299 1151 2350 tamen
1186 2279 1300 2354 adhuc
1316 2304 1418 2354 vetus
1444 2285 1502 2357 illa
1519 2287 1619 2378 cupi·

425 2381 515 2452 ditas
531 2373 758 2472 pestorimeo
780 2373 951 2457 inhaeret,
977 2395 1015 2446 ut
1031 2396 1198 2470 quantum
1217 2376 1290 2469 spei
1305 2378 1459 2461 decessit,
1482 2394 1620 2453 tantum

426 2478 459 2549 ei
484 2472 656 2549 defiderio
683 2469 838 2563 quotidie
863 2467 1045 2544 accrescat.
1103 2469 1187 2544 Nec
1209 2475 1302 2544 illam
1325 2497 1370 2546 ex
1394 2476 1510 2548 animo
1535 2497 1619 2549 meo

425 2576 602 2668 deponere
617 2563 770 2664 possum:
799 2564 914 2646 Deum
930 2588 1101 2660 precans,
1127 2591 1168 2641 ut
1187 2589 1223 2641 te
1243 2570 1301 2641 diu
1321 2572 1420 2643 nobis
1433 2570 1546 2646 servet
1562 2572 1618 2646 su·

424 2665 624 2766 perstitem‚
648 2686 687 2738 ut
704 2659 763 2737 etsr
782 2658 910 2747 serius,
935 2665 1125 2759 aliquando
1142 2685 1255 2738 tamen
1273 2665 1411 2760 hujusce
1426 2671 1502 2743 voti
1520 2690 1618 2741 com·

425 2787 492 2861 pos
511 2764 645 2837 reddar.
694 2757 908 2852 Lugdunum
939 2760 1000 2831 ubi
1021 2763 1120 2843 veni,
1146 2765 1267 2856 accepi
1294 2786 1314 2834 a
1339 2763 1439 2835 Paulo
1465 2763 1617 2850 Cartare,
1657 2800 1660 2804 ·

425 2863 505 2934 viro
530 2881 610 2941 cnm
637 2856 756 2954 primis
784 2853 889 2928 doslo
915 2855 1157 2940 octrumum,
1182 2855 1342 2929 Altiotum
1359 2864 1428 2953 jam
1446 2860 1615 2935 Avinioni

422 2953 643 3039 valedixisse,
677 2949 716 3025 ἃ
740 2950 940 3046 amplissimo
967 2953 1155 3025 honorario
1182 2952 1227 3024 ab
1255 2953 1391 3047 Regina
1419 2954 1616 3047 Navarrae,

422 3054 537 3128 sorore
552 3049 661 3145 Regis
678 3048 915 3131 Francorum,
941 3045 985 3118 ad
1004 3045 1179 3141 Biturigas
1198 3044 1264 3122 esse
1287 3069 1493 3137 evocatum,
1519 3051 1556 3123 dc
1576 3055 1616 3125 in

422 3175 460 3227 ea
472 3150 658 3223 Academia
670 3166 798 3241 magno
822 3141 943 3216 salario
968 3140 1034 3215 esse
1056 3143 1277 3216 condnsium.
1316 3144 1368 3218 Hi
1385 3148 1472 3220 verb
1488 3149 1550 3241 qui
1560 3171 1619 3221 me

294 3261 297 3268 '
422 3275 465 3323 eo
482 3265 735 3341 pertraxerant,
763 3237 823 3313 etsi
857 3260 983 3332 magno
1000 3235 1170 3312 desiderio
1193 3239 1352 3313 Alciatum
1370 3245 1414 3316 ed
1440 3241 1535 3338 sequi
1557 3266 1625 3316 cu·

422 3346 586 3439 plebant,
610 3358 794 3433 parentum
817 3356 933 3408 tamen
955 3331 1111 3408 obsecuti
1134 3336 1323 3426 mandatis,
1350 3337 1388 3410 ἃ
1406 3340 1503 3432 prius
1519 3337 1616 3413 secu·

421 3444 449 3513 ti
474 3432 716 3534 propositum,
738 3429 848 3504 tutius
873 3452 959 3517 not,
985 3431 1079 3503 bello
1104 3432 1192 3514 inter
1208 3430 1384 3507 Caesarem
1408 3437 1446 3507 &
1478 3433 1619 3530 Regem

421 3535 638 3609 Francorum
657 3529 813 3601 nondum
842 3522 1052 3619 composito,
1077 3524 1253 3599 Avinione
1274 3531 1310 3600 in
1341 3529 1524 3603 Pontificio
1560 3531 1613 3602 di·

422 3636 541 3717 tione,
567 3626 668 3721 qnbrn
685 3625 720 3695 in
755 3619 873 3695 Gallia
898 3622 1114 3695 habitaturos
1139 3624 1321 3714 putabant.
1368 3625 1521 3697 Proinde
1546 3645 1613 3698 noc

422 3725 611 3802 institutam
641 3717 889 3816 professionem
920 3715 1098 3812 prosecuti
1132 3717 1255 3789 sumus.
1306 3719 1440 3793 Verium
1463 3741 1613 3794 eventus

420 3821 602 3899 consilium
612 3840 737 3913 parum
752 3813 932 3909 probavit,
955 3816 1038 3888 inde
1057 3814 1147 3886 enim
1163 3812 1521 3912 consestim‚propter
1534 3815 1614 3888 snb·

401 3922 589 3999 ,orientem
614 3910 866 4008 pestilentiam,
892 3907 1086 3982 Valentiam
1111 3930 1206 3983 retro
1226 3906 1386 3984 secedere
1409 3910 1523 3985 coasii
1545 3911 1617 3985 sui·

421 4039 525 4100 mus,
548 4010 608 4083 ubi
632 4009 716 4081 rnihi
741 4007 882 4100 longius
895 4007 941 4078 ob
961 4005 1058 4079 urbis
1076 4004 1309 4078 amoenitatem
1332 4010 1462 4081 morari
1482 4005 1613 4081 inbuis-

421 4111 493 4197 set,
515 4103 704 4203 praesertim
730 4100 809 4176 cum
835 4101 1025 4197 pestilentis
1046 4096 1303 4196 contagiostqne
1336 4103 1449 4177 morbi
1474 4105 1615 4197 pericu·

419 4210 513 4290 lum,
537 4199 636 4296 quod
662 4196 877 4296 praecedenti
901 4219 993 4269 anno
1015 4195 1067 4268 ibi
1091 4195 1205 4270 suerat
1229 4192 1442 4290 graffiitum,
1473 4199 1613 4272 nullum

418 4301 593 4384 restaret,
621 4296 658 4370 &
685 4294 711 4366 ii
735 4293 797 4389 qui
819 4297 874 4388 jus
895 4292 999 4366 civile
1022 4289 1072 4363 ibi
1092 4289 1378 4387 profitebantur,
1409 4295 1499 4368 bene
1516 4290 1617 4368 doffl

420 4394 725 4469 milrividerentur.
775 4386 911 4463 Verium
926 4387 1147 4462 Mercatoret
1157 4384 1347 4474 Germani,
1366 4391 1428 4485 qui
1441 4387 1616 4485 Lugduni

422 4491 664 4592 negotiantur,
686 4485 733 4562 de
754 4483 872 4566 nostro
895 4481 940 4562 ab
957 4481 1134 4655 Algssme
1154 4479 1300 4561 discessu
1319 4486 1490 4564 certiores
1510 4508 1535 4560 a
1547 4507 1618 4654 pp·
