4680 5828
606 555 802 654 urim.
831 547 1138 650 sauncrn
1160 573 1229 642 au
1257 550 1589 654 nuvnusos.
1653 571 1722 688 ,5

513 783 541 822 η
566 737 681 818 umfia
704 736 839 814 &allatu
862 731 1047 830 scripsisti,
1076 729 1236 810 simodo
1270 734 1312 812 lie
1337 733 1477 812 assistata
1506 737 1544 816 lu
1574 757 1715 830 contro·

511 881 540 919 n
563 835 709 914 versum
734 835 854 911 uenire
872 831 999 929 potest.
1048 826 1142 908 Cum
1163 827 1358 922 desiderio,
1383 832 1421 912 δι
1441 833 1583 930 quidem
1600 835 1716 1013 galgata

509 1074 597 1142 inde
618 1075 689 1160 Jum
706 1089 780 1144 non
796 1071 885 1141 levis
902 1081 981 1139 orta
1002 1071 1239 1142 controversa
1254 1071 1304 1142 eli
1320 1072 1413 1144 inter
1433 1077 1595 1161 quosdam
1613 1083 1711 1178 prin.
1840 1121 1847 1132 .

509 1160 611 1244 cipes
628 1171 733 1228 aetate
748 1156 861 1224 nostru
877 1154 1103 1240 professores,
1124 1156 1258 1225 Zazium
1278 1155 1361 1225 dico
1381 1157 1425 1228 dc
1451 1158 1591 1242 Stellam,
1611 1167 1710 1238 illum

509 1241 745 1318 Germanum,
775 1239 869 1308 hunc
895 1239 1044 1307 Gallum.
1086 1239 1192 1309 Unde
1220 1240 1324 1307 etiam
1355 1242 1399 1310 ad
1425 1243 1516 1329 ipsos
1543 1245 1709 1320 studiosos

510 1325 581 1392 lroc
603 1325 770 1392 dissidium
783 1323 965 1408 prorepsit.
1005 1323 1089 1392 Scio
1107 1325 1199 1392 enim
1221 1343 1267 1392 eo
1285 1339 1463 1409 tempore,
1483 1346 1553 1412 quo
1566 1331 1603 1397 in
1622 1331 1708 1404 Gal-

509 1410 558 1477 lla
573 1407 858 1506 Jurisprudent'iae
874 1423 1018 1492 operam
1032 1406 1155 1474 dabam
1166 1407 1370 1504 ,plerosque
1386 1412 1615 1495 pertinaciter
1630 1414 1708 1484 Stes·

506 1495 550 1558 sae
576 1506 723 1560 invento
744 1489 936 1559 adhcfiffe:
966 1509 1011 1557 ex
1037 1489 1243 1559 uolonum
1269 1503 1487 1566 autemnon
1516 1499 1577 1564 vul
1638 1500 1708 1572 lter

507 1577 663 1644 eruditos
683 1575 916 1644 adolescentes
932 1593 997 1660 pro
1018 1575 1197 1642 communi
1223 1573 1409 1659 opinione,
1431 1580 1529 1662 cujus
1561 1599 1581 1648 a
1606 1600 1707 1654 ertor

506 1659 560 1727 est
579 1659 688 1744 Zuflas
702 1659 792 1746 (e),
811 1657 951 1726 sortiter
970 1655 1146 1754 restitisse..
1173 1657 1412 1756 Quamobrem
1437 1678 1505 1728 nec
1527 1663 1702 1747 inutilem,

505 1760 576 1812 nec
591 1745 761 1831 ingratam
778 1761 853 1811 rem
876 1740 994 1829 legallu
1013 1738 1204 1826 dscrplmae
1235 1741 1428 1838 madidatus
1452 1743 1622 1816 saltumn
1645 1771 1703 1822 me

500 1825 709 1903 existinravi,
732 1825 874 1912 siquod
893 1824 965 1911 ipse
986 1823 1170 1902 sentirem,
1190 1826 1228 1891 in
1256 1825 1412 1892 medium
1447 1847 1704 1916 proponerem,

502 1910 597 1979 baud
620 1910 780 1996 equidem
799 1907 977 2008 censuram
995 1909 1087 1974 luter
1103 1907 1188 1976 tales
1201 1910 1297 1975 viros
1312 1907 1498 2010 professua,
1517 1932 1586 1987 nec
1615 1920 1702 1990 alte·

503 1993 835 2147 brimelli?
850 1990 1603 2148 ,lil’uesblilu‘db‘ialsl'iliffl’
1646 2019 1701 2071 ¹¹²

505 2095 891 2246 novurgrfingulareque
909 2094 1036 2256 dogqma
1055 2158 1197 2226 nimium
1211 2122 1332 2228 'arrisu
1372 2162 1463 2229 illud
1478 2165 1526 2232 ita
1545 2129 1557 2163 '
1574 2185 1612 2248 e,
1634 2187 1700 2237 un·

499 2243 552 2312 de
565 2245 671 2312 totius
690 2243 801 2312 causae
814 2256 923 2327 ceput
938 2238 1092 2337 dignosci
1110 2242 1241 2326 potest,
1260 2244 1422 2330 quodque
1436 2265 1503 2332 per
1519 2289 1522 2294 -
1537 2269 1558 2319 e
1575 2251 1701 2322 obscu·
1728 2315 1736 2330 .

500 2330 576 2396 uiue
597 2327 663 2406 eli,
686 2327 858 2416 principio
876 2326 1137 2410 explicabimus.

546 2411 763 2480 Verissimum
781 2407 875 2480 enim
895 2407 1124 2478 exstruamus
1149 2405 1239 2486 else,
1260 2409 1396 2506 quoties
1414 2429 1502 2482 vero
1530 2421 1698 2492 creditori

498 2493 670 2572 solvitur,
687 2493 729 2563 ab
741 2509 786 2562 eo
796 2493 900 2560 etiarn
915 2492 1056 2576 quinon
1070 2491 1237 2569 debebat,
1251 2507 1363 2580 repeti
1378 2511 1447 2562 non
1459 2499 1571 2584 posse,
1590 2523 1699 2588 quum

499 2579 698 2648 debitorum
715 2579 854 2646 nomine
871 2574 981 2644 soluta
1000 2574 1066 2644 effe
1083 2575 1281 2646 videantur.
1322 2577 1422 2646 Alius
1441 2582 1534 2650 enim
1574 2607 1614 2656 ro
1625 2592 1698 2658 alio

498 2661 636 2731 solvere
659 2661 792 2746 potest,
815 2659 852 2730 dt
873 2661 957 2727 allus
978 2677 1044 2746 pro
1064 2659 1133 2726 ulio
1161 2657 1329 2758 soluendo
1352 2680 1477 2731 veruru
1499 2603 1697 2742 degitorem

499 2746 623 2816 liberat
653 2744 724 2831 (s).
766 2743 912 2828 Quodsi
932 2743 1021 2810 vero
1042 2742 1100 2811 hic
1123 2742 1380 2813 condictionem
1401 2746 1546 2818 solventi
1563 2773 1693 2826 couce-

497 2829 678 2906 deremus,
699 2845 804 2894 verus
824 2827 977 2894 creditor
990 2827 1026 2892 iu
1051 2827 1178 2894 damno
1200 2843 1377 2909 maneret,
1399 2831 1543 2903 liberato
1560 2837 1692 2910 scilicet

494 2913 676 2989 debitore,
696 2911 777 2978 crim
800 2911 1019 2977 nibilominus
1031 2926 1250 2994 repeteretur
1260 2912 1316 2990 id,
1339 2931 1408 2997 quo
1429 2917 1588 2989 liberatio
1605 2943 1693 2992 cou-

492 2995 873 3149 lillaifflgri⁰l⁰²
888 2991 1626 3162 ,sillitililfflaellli'itiiffiiffillii
1655 3093 1692 3160 a

531 3103 547 3146 Γ
764 3125 774 3156 r
1412 3125 1421 3156 ι

493 3098 771 3248 permittergtuc
792 3077 858 3246 {g}
878 3160 928 3227 At
947 3177 1052 3244 quum
1079 3177 1167 3227 vero
1199 3162 1367 3230 creditori
1386 3162 1530 3235 solvitur
1552 3172 1594 3240 ab
1616 3175 1690 3241 alio

496 3247 641 3329 quinon
659 3246 823 3322 debebat,
844 3262 911 3312 nec
934 3257 1049 3310 tamen
1077 3243 1243 3313 debitoris
1270 3245 1329 3314 sed
1356 3253 1502 3334 proprio
1526 3257 1684 3334 nomine,

493 3332 553 3398 bic
573 3331 670 3396 alteri
694 3332 704 3395 i
732 3331 767 3396 so
785 3331 862 3414 jure
890 3329 1093 3477 contingere
1113 3327 1280 3425 obligatio
1301 3334 1431 3414 nequit.
1453 3336 1512 3421 (ι’)
1534 3337 1686 3412 Aecum

491 3414 685 3512 indebitum
709 3411 816 3560 offic,
839 3411 997 3561 superittedr¹
1030 3429 1096 3494 que
1109 3425 1262 3561 ffittones
1280 3413 1425 3566 ceffetfit,
1443 3436 1516 3487 nort
1532 3423 1688 3494 inumeri.

493 3497 765 3674 b⁶a¹¹a¹llalllul
785 3509 1246 3676 stultitiarum
1270 3505 1684 3680 illutibilis

492 3659 673 3731 manifeste
685 3662 767 3729 colli
805 3677 881 3735 tur,
900 3661 1062 3744 siquidem
1081 3662 1140 3728 ille
1170 3663 1234 3748 (k)
1255 3666 1459 3750 regulariter
1493 3689 1562 3739 non
1586 3677 1685 3760 posse

491 3749 529 3816 id
551 3747 662 3832 repeti
683 3745 765 3831 signi
790 3745 894 3811 cavit.
937 3743 1043 3828 Quod
1061 3763 1149 3813 vero
1164 3745 1330 3814 creditori
1352 3748 1499 3817 solutum
1516 3755 1581 3836 eli,
1601 3759 1680 3838 nili,

491 3833 623 3918 inquit,
645 3832 719 3916 quis
744 3829 806 3896 suo
836 3827 975 3894 nomine
998 3827 1152 3896 solverit.
1191 3829 1410 3899 Generaliter
1437 3851 1551 3904 autem
1573 3861 1681 3926 quum

490 3935 579 3984 vero
599 3915 765 3982 creditori
778 3912 936 3988 solvitur,
955 3911 1097 3980 videtur
1112 3914 1228 3996 potius
1242 3911 1406 3982 debitoris
1421 3920 1561 3990 nornine
1576 3925 1679 4009 quim

489 4019 557 4086 pro
584 3999 636 4066 rio
654 3999 801 4065 solutum
827 3995 1032 4094 else,.quod
1062 3995 1188 4094 sanior·
1206 3997 1317 4096 etiam
1337 3997 1573 4100 interpretum
1625 4029 1679 4080 m

489 4019 675 4169 proflavit,
695 4080 754 4166 (l)
776 4081 799 4146 sl
821 4097 891 4147 non
916 4095 945 4144 ts
963 4097 1022 4162 qut
1036 4079 1158 4157 solvit,
1178 4079 1249 4165 tpse
1270 4081 1384 4164 aliquo
1396 4103 1535 4157 nomme
1550 4029 1681 4179 obsign-

489 4182 545 4234 tus
564 4183 703 4250 quoque
722 4163 847 4232 suerat.
876 4164 933 4260 (m
963 4161 1194 4258 *NecJasouis
1213 4163 1281 4249 (ιι)
1302 4183 1507 4264 argumento
1530 4177 1682 4246 multum

488 4266 654 4324 moveor,
676 4265 746 4332 quo
765 4249 836 4322 ait,
855 4245 930 4313 iudi
974 4246 1051 4314 ude
1071 4245 1195 4314 sustam
1227 4245 1447 4330 solutionem,
1469 4272 1513 4321 eo
1537 4262 1685 4330 nomine

489 4333 601 4403 videri
621 4331 747 4398 fastam
761 4349 850 4416 ,quo
867 4330 988 4398 utilior
1008 4349 1050 4398 ea
1079 4327 1128 4399 est
1158 4331 1324 4412 solventi,
1369 4332 1412 4418 ο)
1443 4338 1561 4407 utilior
1590 4344 1684 4412 verd

490 4416 600 4488 miti
624 4415 768 4505 proprio
794 4413 934 4487 nomine
956 4411 1047 4486 sada
1066 4411 1310 4503 iutelligetur,
1437 4423 1684 4508 repetitionem
