4742 5814
702 641 787 727 300
815 598 1052 712 uranu
1079 621 1144 691 m
1173 593 1436 690 Arnen
1462 535 1832 692 numanum

539 873 665 1014 nxlnp.
882 816 1393 917 EPISTOLA
1452 816 1734 919 CXXVI.

539 988 1243 1174 §penetrationem
1295 1031 1915 1141 FROBEN10,ET

848 1159 1234 1261 NICOLAO
1292 1161 1790 1259 uotscoeto.

573 1429 678 1506 1543·
719 1369 794 1489 De
804 1395 888 1512 sois
914 1391 1220 1484 Commentariis
1247 1416 1273 1472 o
1299 1385 1494 1478 Frobenio
1518 1391 1650 1490 editis,
1709 1389 1917 1482 Lucubra-

724 1562 732 1584 ‹
771 1520 894 1599 tiones
914 1503 1011 1618 suos
1038 1502 1139 1588 olias
1162 1500 1367 1616 perficere
1395 1506 1586 1590 intendit,
1617 1499 1757 1593 Mittit
1786 1507 1914 1622 Joon·

771 1633 832 1713 nis
860 1622 1028 1709 Secundi
1057 1639 1181 1732 opero
1209 1619 1552 1734 excudendorum
1579 1626 1707 1708 naerrin
1736 1628 1778 1710 in
1796 1619 1917 1712 Mori

775 1756 956 1830 mortem.

717 1975 955 2149 Postquam
987 1997 1055 2072 ego
1085 1971 1236 2060 rursus,
1277 1971 1425 2047 Domini
1457 1973 1495 2049 δι
1528 1971 1630 2047 amici
1648 1948 1847 2063 charissimi,
1870 1979 1916 2053 ab

806 2071 1019 2147 Scholastica
1038 2073 1156 2168 quiete
1174 2069 1217 2143 ad
1239 2066 1460 2167 Reipublicae
1478 2071 1619 2165 negotia
1636 2074 1803 2146 retrasius
1821 2074 1915 2161 sum,

720 2171 830 2246 acad
862 2166 1014 2270 Belgicae
1047 2169 1242 2262 Patriaeque
1273 2189 1360 2242 meae
1388 2165 1524 2242 servitia
1558 2168 1676 2253 redii,
1710 2191 1782 2242 non
1810 2173 1918 2246 habui

720 2268 992 2364 oportunitatem
1012 2266 1056 2337 acl
1081 2287 1147 2338 vos
1171 2266 1302 2337 litteras
1323 2265 1439 2337 dandi.
1491 2259 1540 2334 Et
1560 2263 1679 2336 eadem
1706 2267 1766 2356 (ni
1791 2265 1916 2358 fallor)

719 2358 867 2448 mutatio
898 2362 1109 2446 conditionis
1142 2383 1228 2434 meae
1259 2361 1296 2431 in
1326 2359 1426 2434 causa
1458 2356 1541 2446 est,
1574 2362 1669 2454 quod
1694 2385 1760 2434 nec
1784 2387 1849 2438 vos
1871 2364 1916 2438 ad

721 2485 778 2534 me
802 2463 989 2556 quicquam
1013 2460 1146 2531 interea
1170 2453 1382 2550 scripseritis.
1406 2517 1415 2530 ,
1434 2453 1520 2528 Vidi
1543 2478 1659 2532 tamen
1680 2478 1797 2533 extare
1822 2463 1917 2555 apud

723 2557 943 2653 Bibliopolas
975 2555 1254 2626 Commentarios
1286 2575 1383 2625 meos
1417 2551 1487 2647 (1)
1520 2574 1591 2624 non
1624 2555 1832 2648 ineleganter
1860 2581 1919 2629 ex·

722 2652 833 2726 cusos.
884 2650 1049 2744 Quorum
1083 2647 1227 2722 fortaffis
1251 2648 1354 2721 vobis
1387 2645 1535 2720 foelicior
1569 2647 1920 2738 fuissetdivenditio,
2013 2683 2018 2692 ·

722 2747 749 2823 sr
785 2749 918 2822 scholas
964 2769 1034 2817 non
1075 2739 1293 2838 reliquissem.
1343 2739 1603 2817 Constitueram
1640 2766 1756 2820 auteur
1788 2752 1918 2845 aliquid

723 2870 877 2920 mearum
911 2841 1210 2916 Lucubrationum
1245 2837 1389 2934 singulis
1427 2841 1585 2935 expolire
1616 2845 1743 2931 annis,
1786 2847 1821 2920 δι
1859 2871 1922 2920 vo-

722 2945 778 3018 bis
820 2941 1086 3036 imprimendum
1118 2934 1270 3018 offerre,
1315 2933 1377 3008 nili
1400 2938 1536 3010 muneri
1570 2940 1717 3013 celerius
1752 2944 1921 3036 opinione

726 3067 803 3116 mea
822 3038 1016 3115 valedicere
1041 3033 1181 3110 coasius
1206 3030 1347 3107 suillem.
1398 3029 1612 3128 Quanquam
1628 3060 1694 3110 nec
1720 3033 1766 3110 fic
1781 3039 1923 3133 quidem

726 3141 770 3213 ab
793 3160 834 3211 ea
857 3138 1040 3209 voluntate
1061 3133 1205 3205 omnino
1224 3129 1351 3202 abduci
1373 3127 1578 3224 potuissem,
1604 3129 1664 3204 nili
1691 3131 1844 3228 Belgicae
1860 3159 1922 3206 no·

729 3235 808 3308 strae
827 3231 1046 3328 repentinum
1064 3225 1362 3322 gravilllmumque
1381 3227 1509 3298 bellum
1530 3225 1723 3313 incidisset,
1748 3233 1843 3323 quod
1866 3253 1922 3304 me

730 3330 811 3404 lane
839 3327 955 3400 multis
982 3321 1281 3417 moleliillimisque
1308 3321 1559 3415 Legationibus
1588 3319 1783 3405 distrinxit,
1817 3347 1925 3420 atque

731 3429 846 3499 ailbuc
874 3425 930 3494 bic
963 3440 1125 3514 occupat.
1183 3417 1317 3490 Verum
1348 3419 1462 3490 sedata
1487 3419 1552 3488 hac
1582 3417 1677 3490 fatali
1699 3420 1927 3514 tempestate,

730 3515 969 3616 redeunteque
1002 3512 1211 3599 serenitate,
1244 3537 1316 3586 non
1336 3510 1441 3586 finam
1463 3513 1604 3586 interire
1624 3511 1842 3610 superiorum
1867 3519 1929 3590 ari-

731 3643 856 3694 norum
883 3619 1031 3690 labores.
1059 3610 1132 3706 (2)
1157 3611 1207 3686 Et
1233 3610 1367 3707 aliquid
1390 3611 1444 3684 uti
1469 3607 1570 3706 spero
1594 3608 1639 3698 ad
1667 3635 1744 3686 eam
1771 3638 1842 3690 rem
1863 3615 1931 3690 otii

1842 3723 1929 3813 corl-

775 3887 839 3974 (1)
863 3885 1099 3952 Commentarios
1117 3879 1215 3966 meos]
1239 3897 1365 3965 nempe
1377 3881 1413 3946 in
1423 3879 1562 3946 Titulos
1574 3881 1618 3950 X.
1639 3880 1736 3950 Libri
1756 3881 1801 3951 Il.
1822 3883 1928 3955 instit.

734 3975 777 4042 de
798 3969 1044 4043 Testamentis,
1067 3965 1213 4029 Lovanii
1233 3965 1314 4030 dein
1336 3964 1372 4033 &
1393 3964 1474 4030 alibi
1496 3965 1651 4032 excusos.
1767 3985 1771 3994 ’
2032 3987 2034 3992 ·

796 4055 838 4135 o)
861 4053 1053 4135 Superiorem
1076 4067 1222 4110 annornm
1247 4047 1378 4132 totores]
1401 4047 1477 4113 srvit
1497 4049 1661 4124 interire,
1683 4067 1752 4115 non
1772 4049 1928 4120 obstante

614 4151 628 4182 ⁹
733 4141 834 4221 hujus
868 4134 934 4200 suae
963 4131 1149 4198 voluntatis
1171 4131 1433 4207 declaratione,
1461 4130 1556 4212 quod
1581 4133 1666 4214 reip.
1688 4134 1834 4215 negotiis
1861 4136 1927 4200 im-

734 4219 887 4297 mersus,
917 4217 955 4286 &
985 4215 1247 4282 succedentibus
1273 4214 1355 4280 belli
1387 4212 1513 4298 Belgici
1546 4216 1825 4292 calamitatibus,
1855 4235 1927 4284 non

730 4301 1122 4455 ltaibblllllln
1136 4300 1335 4467 lliilmi·
1348 4297 1926 4454 ribilioffleielrll‘oeciffli}

793 4409 809 4452 Γ
1034 4405 1041 4449 ἶ
1250 4432 1258 4451 ι
1308 4429 1318 4451 ι
1455 4431 1464 4452 0
1507 4419 1508 4422 ’
1559 4428 1569 4450 o
1761 4430 1771 4450 ο
1859 4432 1868 4455 t

732 4471 836 4546 urion
856 4469 904 4546 D.
923 4467 1055 4540 Atrion
1074 4464 1210 4536 tollendo.
