4612 5850
478 551 669 649 mrsu.
698 543 1000 644 sutanum
1026 542 1116 638 no
1143 544 1468 650 orvnnson
1497 489 1608 681 327'

393 743 500 830 -ceffi,
533 764 604 818 non
628 740 715 815 levin
739 760 794 811 rne
816 736 926 808 tenuit
956 734 1152 810 sollicitudo
1175 761 1218 813 ac
1244 739 1467 836 desiderium,
1502 773 1575 846 quo

393 841 440 911 -id
461 841 557 936 quod
579 859 633 907 rne
659 833 760 907 isthic
784 852 903 924 agente
928 851 1079 923 coeptum
1106 851 1198 918 erat,
1221 837 1266 908 ad
1284 835 1419 912 felicem
1444 844 1574 934 exitum

398 937 660 1029 perduceretur.
710 925 924 1018 Gavisusque
948 925 1018 998 sunt
1043 914 1207 1017 subinde,
1241 927 1321 1002 cium
1348 933 1573 1031 intelligerem

400 1029 470 1102 fine
487 1027 586 1099 turba
607 1025 774 1097 zizaniam
799 1019 964 1114 paulatim
985 1021 1169 1114 extirpari,
1194 1025 1445 1122 novatoresque
1466 1029 1571 1121 istos,

391 1124 464 1214 ‚qui
478 1116 643 1194 Ecclesrae
657 1115 906 1210 oppreffionem
922 1113 1167 1201 moliebantur,
1190 1117 1273 1192 alias
1288 1117 1385 1194 sedes
1403 1145 1570 1216 quaerere.

399 1215 508 1289 Nunc
537 1213 623 1286 verd
651 1213 688 1282 in
711 1207 772 1282 ista
796 1205 961 1281 Caefireae
985 1207 1174 1302 Majestatie
1195 1211 1423 1306 prosperitate
1444 1225 1569 1299 cuneta

392 1311 491 1384 baud
516 1305 702 1382 difficulter
724 1306 760 1375 in
786 1301 885 1375 suum
917 1301 1073 1376 reditura
1102 1304 1222 1376 statum
1252 1304 1439 1400 speramus.
1488 1315 1569 1412 Ego

342 1442 346 1448 ·
396 1403 530 1477 interea
551 1399 626 1474 ferd
645 1402 680 1472 in
699 1397 845 1492 Reginae
868 1394 993 1470 nustrae
1009 1394 1115 1472 Curia
1131 1399 1210 1491 egi,
1241 1401 1323 1474 licet
1344 1425 1480 1482 mortuo
1496 1413 1569 1484 Nu-

395 1502 465 1585 oiu,
489 1496 534 1576 ad
553 1497 625 1591 ejus
644 1494 853 1566 subeundam
872 1492 1088 1584 provinciam
1109 1494 1226 1564 multis
1247 1497 1414 1574 mandatio
1432 1503 1568 1580 litteris·

393 1617 463 1688 qne
484 1611 651 1664 evocatus
670 1585 805 1660 fuerim.
853 1583 986 1660 Verium
1003 1606 1072 1657 non
1089 1589 1190 1679 potui
1212 1590 1361 1664 animun
1378 1593 1567 1684 inducere,

396 1689 574 1760 utiterum
593 1707 648 1756 me
667 1678 889 1756 castrensibus
908 1679 1068 1754 molestiis
1083 1681 1287 1774 objicerem,
1311 1687 1372 1760 aut
1389 1712 1477 1766 onus
1498 1689 1565 1766 sus·

394 1783 568 1877 ciperem,
591 1779 648 1853 cui
662 1775 920 1852 ferendovitea
940 1797 1041 1868 pares
1057 1797 1128 1848 nou
1144 1775 1260 1851 ellent.
1309 1780 1381 1856 Sed
1397 1783 1475 1858 citro
1489 1786 1564 1882 jam

392 1874 509 1952 Caesar
526 1875 654 1948 bellum
672 1869 881 1958 absolverit,
906 1871 998 1944 baud
1014 1867 1149 1965 polium
1165 1870 1340 1960 recusare,
1365 1883 1565 1972 quominus

390 1994 465 2043 eam
480 1991 582 2064 quarn
598 1965 763 2042 consuevi
782 1988 923 2060 operam
939 1965 1112 2058 Majestati
1128 1963 1195 2038 snae
1208 1967 1422 2062 impendam:
1445 1972 1577 2072 itaque.

391 2064 491 2140 brevi
513 2065 551 2136 in
568 2061 793 2136 Germaniam
812 2057 925 2132 rursus
946 2061 1010 2132 iter
1029 2061 1168 2134 institui.
1194 2058 1268 2156 (a)
1304 2063 1491 2142 Meministi
1507 2097 1563 2148 me

390 2157 553 2232 Coloniae
574 2155 654 2230 citro
679 2153 799 2240 effern,
837 2156 973 2246 privata
995 2156 1141 2248 quadam
1169 2155 1213 2229 de
1238 2179 1275 2229 re
1301 2161 1430 2253 aliquid
1453 2188 1565 2262 expo·

391 2249 516 2338 suiise,
540 2277 579 2324 ea
597 2250 664 2322 fuit
684 2248 780 2343 quod
806 2248 849 2318 ad
867 2245 1034 2320 Caesareae
1057 2248 1245 2343 Maiestatis
1272 2257 1425 2330 notitiam
1451 2268 1573 2358 nuper'
1618 2329 1620 2336 .

391 2347 578 2422 deductum
598 2342 685 2429 fuit,
717 2343 761 2416 ad
785 2337 1069 2415 Praedecess'orum
1089 2341 1226 2416 suorum
1250 2341 1404 2422 Geldriae
1424 2350 1564 2430 Ducum

388 2441 658 2515 interceliionem
676 2434 832 2533 personae
850 2437 953 2509 al-icui
974 2437 986 2508 i
1015 2435 1057 2509 fis
1079 2457 1189 2530 gratae
1210 2441 1454 2518 Canonicalent
1471 2447 1565 2524 Prae·

387 2535 538 2610 bendum
562 2559 581 2609 a
605 2532 775 2628 Capitulo
797 2529 962 2603 Ecclosrae
985 2459 1024 2602 ἕ.
1050 2529 1225 2604 Gereonis
1251 2534 1400 2610 conferri
1420 2538 1563 2619 solitam.

389 2634 477 2704 Aliis
503 2651 616 2704 autern
638 2627 814 2700 nonnullis
837 2647 912 2697 eatn
936 2627 1081 2720 gratiam
1108 2627 1202 2720 apud
1232 2625 1423 2706 Caesaream
1450 2637 1563 2733 Maje.

386 2723 507 2800 statem
524 2721 771 2808 ambientibus,
795 2723 956 2814 praelatus
973 2719 1200 2816 estquidam,
1224 2744 1293 2816 pro
1311 2747 1382 2818 quo
1397 2751 1463 2823 ego
1486 2756 1564 2826 pre·

389 2843 447 2894 ces
471 2819 765 2915 interposueram,
800 2815 856 2886 M.
889 2815 1029 2906 Jocabor
1061 2816 1189 2886 Comaru
1226 2815 1424 2912 Horflensts,
1459 2823 1563 2902 sacrae

388 2915 597 3008 Theolog'tae
613 2913 884 2994 baccalaureus,
907 2910 990 2986 vitae
1011 2909 1184 3002 probitate
1206 2930 1277 2980 uon
1301 2917 1434 3002 minus,
1456 2921 1562 3011 quum

388 3009 546 3083 dobirina
571 3002 872 3084 commendabilis,
906 3002 967 3092 qui
993 3023 1046 3074 me
1069 3001 1209 3093 quidem
1236 3004 1375 3096 privato
1406 3017 1562 3103 quodam

387 3102 505 3177 officio
529 3101 718 3181 demeruit,
751 3097 847 3191 quod
874 3094 1030 3188 conjugis
1053 3116 1137 3166 meae
1162 3091 1283 3170 fratres
1305 3103 1402 3173 annis
1430 3109 1562 3202 aliquot

387 3201 425 3272 in
444 3197 568 3273 litteris
586 3193 758 3279 hearnii,
782 3213 823 3265 ac
838 3212 931 3263 nunc
951 3187 1098 3262 Lutetiae
1112 3189 1268 3266 instituit.
1318 3193 1428 3291 Spero
1445 3223 1562 3278 autem

1413 3297 1564 3374 vestrum

388 3451 411 3516 st
431 3438 955 3536 dubilasNideSpondomodnn
965 3455 1057 3522 1559.
1069 3437 1294 3538 NXXXW.
1305 3443 1341 3512 δε
1352 3445 1560 3530 Ciuronnr'um,

388 3549 457 3597 tom.
467 3531 557 3612 grul.
567 3534 638 3609 851.
661 3527 758 3592 Obiit
771 3526 888 3590 Romae
904 3523 991 3606 prid.
1004 3523 1170 3608 ldusMaJi
1181 3543 1235 3590 an.
1253 3543 1340 3608 ¹559·
1354 3547 1408 3593 act.
1416 3536 1468 3610 58.
1478 3536 1558 3603 edm

386 3612 552 3681 inurbem
563 3624 708 3676 vocatus
720 3605 1123 3676 suinetapontincenum
1136 3605 1177 3669 ad
1189 3613 1558 3695 purpuram‚s1uellet,

385 3692 638 3776 accipiendam,
669 3705 740 3756 turn
762 3688 804 3752 ad
826 3685 1150 3752 communicandum
1162 3705 1252 3780 'cum
1275 3707 1317 3754 eo
1337 3689 1380 3756 de
1398 3695 1498 3762 rebus
1520 3698 1558 3766 &

384 3777 623 3858 serioriseircn
632 3769 900 3839 controversiam
912 3768 1093 3850 religionis.
1103 3767 1366 3837 Ubthonorifice
1375 3791 1559 3862 exceptus,

384 3861 488 3946 paulo
501 3857 576 3940 post
588 3854 722 3922 decelltt
731 3899 741 3932 ,
754 3849 968 3935 sepultusque
982 3847 1029 3914 est
1040 3849 1074 3914 iu
1091 3849 1165 3916 aede
1175 3849 1444 3932 Germanorum,
1456 3865 1558 3940 quani

382 3945 451 4010 dell
468 3949 569 4008 aalma
582 3951 729 4012 vocant,
750 3935 792 4000 ad
810 3933 914 4018 pedes
930 3930 1060 3996 Adriani
1075 3930 1134 3997 Vl.
1149 3949 1229 3998 cum
1250 3936 1442 4020 epitaphio,
1465 3945 1559 4024 quod

383 4027 487 4094 habes
504 4023 596 4105 apud
614 4021 733 4085 Cloron.
751 4019 810 4082 cit.
830 4020 866 4082 dt
881 4013 917 4079 iu
933 4011 1061 4078 biblioth.
1077 4011 1160 4096 Relg.
1176 4033 1266 4080 novae
1283 4017 1355 4086 edit.

424 4109 486 4194 (2)
506 4099 565 4169 lte'r
592 4101 724 4185 institui]
755 4097 977 4183 Legendutn:
1001 4093 1162 4176 instituam.
1203 4095 1294 4163 Nam
1322 4099 1424 4183 paulo
1444 4103 1561 4188 posta

381 4190 516 4258 Caesare
536 4184 610 4271 post
629 4183 833 4250 Saxonicum
857 4177 1032 4271 vitiorium
1055 4176 1237 4262 Augustam
1260 4196 1426 4250 evocatus
1450 4185 1499 4254 est
1517 4189 1562 4258 ad

379 4271 531 4340 Comitia
555 4268 692 4348 lrnpetii
715 4267 789 4330 Kal.
815 4265 859 4330 Se
888 4259 1076 4328 tembrtbuu
1099 4263 1168 4332 boc
1200 4259 1324 4331 eudem
1353 4280 1443 4335 auno
1469 4270 1562 4340 cele·

378 4355 485 4419 brata.
530 4351 573 4420 V.
591 4348 697 4420 Vtram
719 4346 816 4433 Vtgltt
833 4281 884 4416 lli.
900 4341 992 4415 LVI.

387 4434 517 4508 rom.
543 4434 597 4510 rr.
990 4422 1057 4502 Vv
