4882 5804
719 665 799 771 158
828 638 1065 752 v1ot11
1093 662 1161 735 aa
1191 586 1444 734 annin
1485 633 1861 740 zu1cnunn

715 844 816 943 qood
834 863 905 917 non
920 839 1035 915 minus'
1052 835 1182 914 laboris
1207 831 1434 932 sumptusque
1457 830 1538 909 libri
1554 833 1792 928 deformibus,
1810 848 1917 937 atque

720 943 781 1018 alii
814 939 904 1016 bene
938 935 1194 1034 elegantibus,
1228 930 1488 1006 chanetenbus
1521 933 1667 1030 impressi
1706 985 1718 1021 ,
1750 939 1921 1014 constent,

720 1035 878 1114 Proinde
908 1032 947 1108 id
973 1033 1132 1142 inprimis
1157 1031 1193 1106 T
1193 1029 1408 1139 ypographo
1431 1027 1544 1102 studio
1561 1027 1628 1108 effe
1648 1029 1783 1144 debet,
1805 1053 1846 1108 ut
1863 1051 1921 1130 ty·

720 1131 994 1306 illiniti}
1009 1129 1199 1301 ,billi
1213 1125 1922 1320 ,ibiibioibinlnlisslonl

723 1331 812 1402 tium
848 1321 1047 1400 labentibus
1085 1323 1198 1397 oculis
1231 1341 1361 1416 queant
1385 1315 1589 1396 satisfacere.
1643 1318 1805 1396 Nimium
1829 1324 1924 1410 euim

721 1443 837 1499 acutae
859 1423 987 1495 litterae
1002 1420 1124 1494 oculos
1145 1414 1348 1506 offendunt,
1373 1437 1415 1490 ac
1438 1438 1560 1492 contra
1580 1439 1660 1514 quae
1684 1421 1848 1495 rotundae
1862 1443 1925 1518 ap·

721 1540 829 1618 teque
854 1518 1069 1593 concinnate
1097 1514 1199 1600 sunt,
1224 1509 1353 1587 etiamst
1376 1511 1581 1588 minutiores
1606 1511 1694 1602 siut,
1717 1513 1836 1592 lellori
1864 1541 1924 1628 apa

722 1617 906 1712 plaudunt.
955 1610 1007 1686 Et
1026 1611 1071 1684 ab
1096 1611 1168 1686 boc
1188 1610 1332 1706 quidem
1346 1605 1520 1701 artificio,
1542 1610 1579 1685 T
1579 1615 1804 1710 ypographia
1828 1636 1925 1710 prin·

722 1714 820 1811 cipio
853 1709 1024 1806 originem
1046 1703 1184 1782 duxisse?
1202 1708 1353 1782 videtur.

772 1807 844 1882 Cui
859 1805 1125 1881 adminiculatur.
1137 1801 1341 1876 eorumdem
1356 1822 1527 1900 typorum
1543 1798 1641 1878 fusor
1655 1855 1668 1892 ,
1692 1806 1754 1902 qui
1768 1804 1924 1902 operosae

721 1899 964 2002 locupletibus
981 1924 1025 1973 ue
1042 1897 1190 1974 officinis
1219 1897 1436 1994 cumprimis
1462 1899 1511 1974 est
1528 1899 1744 1977 necessarius.
1792 1901 1924 1998 Quoti-

723 2000 783 2075 die
808 2001 901 2074 enim
922 1925 987 2094 ipsi
1012 1998 1093 2094 typi
1114 1997 1274 2070 litterarii
1296 1991 1501 2082 labascunt,
1526 2016 1745 2088 atteruntur,
1770 1999 1942 2078 confrina.

721 2115 942 2196 gunturque:
955 2093 1048 2168 unde
1065 2094 1101 2166 in
1118 2089 1401 2204 consumptorum
1412 2090 1839 2212 rejebiotumquelocuru,
1864 2121 1926 2173 no·

723 2185 1274 2383 issltllfitirilbisii
1291 2185 1926 2388 ,slierelsslulli‘gibffssili

725 2386 915 2468 dicemus,
949 2384 997 2456 est
1026 2406 1162 2482 opera,
1198 2380 1387 2480 praesertim
1410 2381 1446 2455 iu
1475 2381 1615 2458 officina
1639 2383 1741 2458 semel
1762 2385 1853 2462 bene
1871 2391 1925 2464 in·

726 2480 874 2558 slrudla:
901 2499 1054 2555 attamen
1073 2499 1112 2553 ut
1140 2479 1194 2556 illi
1216 2478 1322 2573 primi
1346 2473 1576 2574 impressoria
1593 2481 1676 2554 artis
1703 2477 1927 2564 instrumenta

725 2576 1042 2663 subministrarunt,
1067 2577 1115 2648 ita
1137 2597 1204 2672 per
1218 2571 1355 2648 eosdem
1380 2575 1577 2658 retinenda,
1604 2575 1641 2650 δι
1664 2577 1843 2654 veteribus
1866 2580 1928 2659 de·

725 2673 926 2750 finientibus
958 2675 1057 2772 typis
1090 2672 1128 2745 in
1160 2691 1283 2746 eorum
1309 2669 1430 2741 locum
1466 2672 1553 2745 novi
1584 2667 1700 2747 rursus
1734 2669 1927 2754 subiciendi

725 2771 860 2942 surdior
887 2863 1038 2962 sequitur
1061 2865 1091 2938 is
1117 2884 1222 2961 quem
1250 2861 1531 2962 Compositurem
1550 2884 1703 2954 vocant,
1735 2865 1831 2962 cujus
1856 2866 1932 2944 offi-

727 2966 824 3042 cium
846 2961 895 3038 est
914 2983 1020 3059 typos
1042 2959 1134 3058 ipsos
1159 2962 1348 3036 litterarior
1366 2983 1430 3056 pet
1444 2961 1579 3034 loculos
1595 2959 1674 3036 suos
1693 2961 1816 3040 ordine
1828 2969 1929 3062 juxta

726 3060 971 3160 Alphabetum
983 3059 1197 3142 collocatos,
1222 3053 1412 3132 secundum
1427 3060 1603 3131 materiam
1622 3055 1804 3154 subjeetum
1820 3063 1926 3156 libri,

727 3155 850 3256 operis
869 3179 913 3230 ue
939 3154 1180 3252 imprimendi,
1204 3155 1241 3227 in
1264 3177 1371 3230 unum
1395 3175 1630 3250 componere,
1655 3156 1693 3230 de
1720 3158 1755 3228 in
1780 3155 1929 3254 syllabas

722 3179 1521 3430 distinebantlatrinae⁹
1546 3258 1931 3430 treatment

697 3415 705 3428 ⁹
728 3471 768 3522 re
796 3372 925 3531 unedo,
947 3369 1242 3538 distribuerequds2
1282 3442 1332 3518 Et
1348 3445 1449 3614 htH‘ur
1472 3372 1611 3538 qu’idersr
1636 3441 1711 3520 fere
1726 3379 1929 3547 praeoiplrdd

730 3568 751 3621 e
801 3539 905 3625 usus,
931 3539 1279 3636 commendabilisque
1294 3540 1378 3614 indu
1409 3541 1477 3623 ria,
1501 3564 1572 3615 non
1590 3540 1808 3621 solummodo
1826 3570 1865 3621 ut
1880 3553 1928 3626 ci-

728 3660 794 3728 to,
817 3637 1058 3714 verumetiam
1076 3639 1259 3712 emendate
1277 3656 1384 3734 typos
1401 3635 1494 3732 ipsos
1509 3658 1709 3734 componat.
1742 3639 1808 3716 Uti
1834 3649 1927 3721 enim

728 3732 969 3812 inscribendo
987 3734 1013 3806 ii
1032 3734 1236 3822 laudantur,
1261 3735 1322 3829 qui
1348 3734 1386 3809 δι
1406 3735 1621 3808 celeriter&
1641 3735 1797 3814 correete
1822 3743 1931 3818 disia-

729 3859 767 3912 ta
793 3835 990 3930 recipiunt,
1015 3827 1304 3925 describuntquo:
1330 3826 1378 3904 stc
1398 3825 1436 3901 dt
1458 3830 1562 3927 hujus
1582 3830 1835 3933 Composrtoris
1852 3839 1929 3914 dili·

727 3931 869 4028 gentia,
900 3951 971 4015 non
996 3929 1161 4001 minorem
1187 3923 1324 4000 landem
1347 3945 1510 4000 meretur.
1560 3924 1638 4016 Qui
1661 3931 1785 4029 justam
1812 3957 1929 4010 autem

727 4031 822 4106 inter
836 4025 902 4099 hou
917 4045 1059 4118 operam
1082 4023 1249 4120 impleut,
1272 4021 1382 4097 solent
1403 4019 1482 4097 sere
1503 4023 1588 4098 duas
1613 4023 1743 4102 formae
1769 4033 1927 4128 quotidie

728 4119 910 4199 exhibere:
936 4119 1194 4214 diligentiores,
1222 4139 1321 4195 treet
1353 4123 1414 4216 qui
1440 4141 1614 4215 quatuor,
1640 4125 1677 4196 bi
1701 4131 1927 4225 cumprimis

726 4215 934 4318 praestantes
965 4215 1162 4292 habentur:
1192 4218 1256 4312 qui
1292 4217 1381 4293 vero
1406 4239 1510 4292 unam
1540 4217 1744 4304 dumtaxat,
1776 4223 1932 4319 ignavia

727 4315 855 4391 metitd
874 4333 1053 4388 notantur.
1102 4311 1219 4408 Atque
1239 4313 1298 4388 hic
1313 4311 1453 4409 quidem
1474 4311 1499 4387 li
1518 4313 1682 4406 cessatum
1706 4315 1837 4407 fuerit,
1861 4343 1930 4398 cae·

727 4433 880 4488 terarum
912 4409 1070 4486 omnium
1099 4432 1122 4484 o
1169 4431 1284 4484 rarum
1310 4411 1413 4486 labor
1440 4409 1638 4485 damnosam
1661 4413 1799 4512 patitur
1818 4441 1932 4500 remo.

722 4531 813 4589 ram.
835 4507 959 4608 ltaque
975 4509 1012 4585 iu
1026 4508 1099 4587 hoc
1154 4505 1357 4609 ypographi
1371 4507 1519 4608 vigilme
1533 4507 1666 4602 solent,
1689 4509 1807 4614 etipsa
1823 4515 1948 4704 Confi--

813 4689 822 4702 .
1846 4637 1894 4715 po
1923 4666 1937 4686 ·
