4680 5828
572 594 765 696 enisu
795 587 1100 726 sunnone
1125 619 1191 688 nn
1218 593 1549 698 orvnasos.
1603 637 1659 728 91

466 786 553 872 bur,
575 786 616 862 dt
641 779 751 858 latine
774 777 871 878 aegrd
894 779 1075 874 loquitur,
1106 777 1177 856 hoc
1202 778 1238 854 sc
1292 799 1439 862 raetrxtu
1464 789 1655 884 mensam,

464 883 564 982 quod
580 879 662 978 styli
675 896 849 974 perpetuo
866 876 1035 952 exercitio
1050 875 1218 969 loquendi
1279 899 1337 954 um
1358 884 1478 980 prope
1493 889 1655 970 amiserit.

461 981 505 1054 ln
536 975 725 1054 vernante
763 995 881 1048 autem
912 975 1034 1068 lingua
1067 971 1201 1066 aliquid
1231 975 1349 1049 valere
1374 978 1652 1082 dicitur,quan1

457 1079 561 1152 etiam
587 1069 777 1169 aliquando
791 1067 964 1143 Bononiae
1007 1065 1169 1142 rosellum
1191 1091 1271 1144 eum
1289 1072 1394 1168 ajunt.
1443 1075 1534 1152 Cum
1547 1105 1650 1181 roga.

456 1195 529 1248 rem
547 1170 592 1243 de
669 1167 737 1244 erit
760 1165 951 1252 ratione,i
1008 1165 1015 1180 “
1056 1184 1164 1260 toque
1182 1187 1223 1243 ac
1239 1162 1407 1258 succeisu,
1431 1177 1650 1256 cunthardi.

456 1267 552 1366 giole
571 1289 595 1362 q
687 1259 931 1358 obstupescent
952 1262 1003 1333 rei
1024 1261 1211 1350 miraculo,
1235 1263 1371 1339 charrae
1394 1268 1526 1365 aliquae
1550 1274 1648 1372 obie-

456 1365 525 1446 cit,
550 1359 674 1458 easque
702 1359 883 1444 recitavit,
917 1353 965 1430 fic
990 1375 1031 1431 ut
1055 1379 1233 1446 numeros¹
1249 1381 1367 1435 omnes
1391 1363 1429 1438 δι
1454 1365 1645 1464 clausulae,

451 1479 633 1554 totumque
647 1454 832 1530 artificium
850 1454 1058 1550 exprimeret
1075 1453 1204 1529 Italicis
1216 1456 1353 1543 modu,
1376 1457 1436 1532 sed
1455 1463 1564 1540 valde
1581 1468 1646 1541 im·

453 1555 598 1654 purihur
614 1573 761 1650 propter
775 1551 905 1646 linguae
919 1549 1212 1646 impedimentum.
1264 1551 1347 1626 Rex
1357 1577 1480 1650 urgere
1494 1559 1645 1654 dicitur,

452 1673 493 1728 ut
518 1651 639 1726 redeat
676 1645 815 1722 tandem
845 1648 882 1720 in
905 1643 1057 1719 Galliam
1082 1669 1161 1720 cnm
1188 1645 1373 1742 magnifico
1405 1675 1523 1747 opere.
1573 1657 1644 1734 Sed

451 1745 531 1824 cum
546 1747 652 1822 latinu
665 1745 782 1818 omnir
797 1743 944 1817 debeant
968 1745 1006 1816 in
1031 1739 1206 1816 Gallicam
1231 1746 1406 1840 lingum,
1430 1751 1573 1828 volente
1593 1751 1643 1830 fic

449 1845 568 1942 Rege,
592 1841 788 1938 transponi,
812 1839 851 1912 in
877 1859 981 1932 quam
1005 1859 1079 1913 rem
1111 1841 1339 1936 interpretem
1368 1841 1642 1946 scriptoremque

449 1939 640 2022 conduxit,
663 1937 723 2021 fit,
747 1957 788 2008 ut
805 1931 1061 2031 profectionem
1076 1931 1216 2009 differre
1233 1957 1400 2032 cogatur,
1425 1963 1469 2012 ne
1484 1941 1643 2042 semiple-
1663 1971 1671 1982 ·

449 2059 535 2111 num
549 2055 639 2128 opur
664 2029 836 2108 exhibeat
887 2029 973 2104 Hoc
988 2051 1105 2104 autem
1120 2032 1291 2104 theatrum
1301 2030 1399 2106 suum
1416 2038 1543 2112 author
1553 2044 1641 2116 mul-

448 2127 1642 2325 lrzhhqthffllihrlthhlssthirhfflinflin

446 2329 599 2402 humana
615 2321 788 2416 concipit,
811 2339 960 2415 queque
975 2323 1157 2414 corporeis
1171 2319 1282 2392 oculis
1303 2320 1424 2396 videre
1439 2348 1511 2399 oon
1520 2329 1639 2425 pullu.

447 2445 546 2506 mur,
569 2413 667 2515 polle
684 2437 799 2491 tamen
814 2415 973 2509 diligenti
998 2411 1273 2488 consideratione
1302 2420 1506 2514 complexa,
1529 2421 1636 2522 fignir

445 2516 573 2595 deinde
596 2510 798 2611 quibusdam
811 2510 991 2606 corporeis
1004 2506 1053 2584 fic
1069 2511 1239 2605 exprimi,
1263 2513 1637 2616 utuousquisqueocu.

444 2617 488 2691 lir
503 2612 616 2688 statim
631 2608 805 2708 percipiat
822 2605 995 2705 quicquid
1010 2605 1141 2702 alioqui
1167 2608 1205 2680 in
1221 2607 1399 2703 profundo
1425 2617 1547 2690 mentis
1572 2619 1636 2694 hu·

445 2713 560 2785 maner
572 2704 761 2782 demersum
775 2699 836 2777 est.
885 2701 935 2776 Et
949 2701 994 2776 ab
1011 2701 1077 2777 hac
1101 2725 1271 2800 corporea
1292 2709 1397 2784 etiam
1422 2709 1636 2806 inspediione

445 2807 619 2883 theatrum
643 2799 844 2896 appellavit.
892 2797 985 2873 Chm
1002 2821 1181 2894 rogarem,
1207 2824 1290 2874 num
1308 2805 1442 2900 aliquid
1455 2805 1635 2904 scripsisset

445 2904 490 2980 nd
516 2901 693 2998 opinionis
716 2894 785 2971 suae
808 2891 1063 2982 defenlionem,
1098 2893 1177 2970 ciam
1197 2901 1297 2972 multi
1325 2901 1432 2976 hodie
1462 2900 1546 2997 ssot,
1564 2925 1635 3080 331

444 3235 469 3273 „
486 3195 525 3261 sis
540 3189 711 3260 convitiis.
751 3186 875 3270 Neque
897 3183 955 3250 fibi
973 3182 1123 3263 constat,
1143 3202 1256 3270 neque
1267 3187 1449 3274 quicquam
1465 3194 1630 3270 cohaeret.

445 3318 471 3354 „
486 3277 630 3344 Assumit
644 3291 700 3340 me
717 3273 785 3338 hoc
803 3267 924 3355 eglise,
947 3283 985 3335 ut
1004 3268 1190 3364 ohliterato
1201 3271 1250 3338 M.
1273 3271 1364 3338 Tulsr'r'
1375 3275 1532 3355 nomine,
1552 3293 1629 3350 met

444 3401 470 3438 „
488 3362 586 3427 unius
604 3357 730 3440 scripta
746 3355 953 3439 legerentur.
993 3353 1055 3420 Art
1075 3370 1169 3420 meos
1189 3353 1293 3420 libros
1313 3355 1464 3424 Lutetiae
1481 3361 1629 3444 puhlici-

443 3482 470 3523 ι,
486 3459 541 3514 tus
555 3438 649 3508 fuisse
664 3435 818 3515 exustor,
837 3437 954 3522 ignem
969 3435 1168 3522 subjiciente
1177 3437 1350 3506 carnifice.
1391 3439 1453 3510 Ait
1468 3460 1523 3513 me
1535 3447 1628 3531 apud

442 3569 468 3608 „
484 3517 1132 3603 Aldum,servihominisfuill'efunctum
1145 3517 1273 3595 officio,
1285 3519 1430 3601 horest,
1453 3525 1626 3612 hectoris,

442 3627 589 3696 „quum
619 3603 711 3691 apud
740 3601 854 3670 Atrum
877 3604 961 3668 nihil
980 3605 1131 3688 legerem
1158 3618 1285 3688 praeter
1306 3606 1531 3688 penultimam
1554 3611 1628 3680 sor·

443 3737 467 3770 „
485 3709 594 3766 mam,
609 3685 862 3772 ssquidvellem
883 3687 1021 3754 addere
1061 3683 1161 3754 Aram
1181 3687 1317 3772 legebat
1335 3687 1411 3773 post
1427 3707 1503 3768 me,
1520 3691 1626 3778 idque

434 3807 465 3856 ·„
482 3776 616 3845 tenthm
642 3773 678 3838 in
699 3770 783 3838 meis
806 3768 933 3854 Adogr'r's
954 3789 1029 3854 quae
1050 3769 1146 3835 fimul
1174 3769 1211 3838 &
1234 3789 1254 3836 a
1279 3789 1334 3835 me
1366 3771 1623 3860 scribebantur,

441 3905 465 3940 ,‚
483 3861 520 3930 dc
540 3859 582 3926 ah
601 3855 681 3922 Aldu
702 3853 971 3922 excudebantur.
1011 3853 1073 3920 Ait
1091 3853 1151 3918 vix
1168 3865 1429 3936 temperatuma
1449 3860 1602 3928 manibus
1608 3909 1622 3944 ,

440 3988 466 4021 ,‚
528 3943 575 4010 od
592 3943 626 4004 in
643 3957 685 4005 ea
705 3935 818 4004 mensa
840 3935 1011 4015 sederem,
1034 3953 1139 4018 quum
1155 3936 1307 4004 sederem
1332 3936 1431 4023 supra
1452 3940 1624 4025 Asulumm

432 4061 463 4106 ·,‚
535 4025 669 4098 Arnum,
689 4037 862 4105 quumque
882 4020 1013 4088 summo
1037 4019 1146 4086 studio
1160 4021 1230 4086 hoc
1250 4021 1407 4105 egerint,
1428 4037 1466 4090 ut
1489 4023 1621 4098 absolu·

429 4153 462 4190 .‚,
479 4112 522 4180 tir
544 4107 693 4189 Arenio,
713 4121 769 4171 me
789 4103 919 4170 menses
945 4103 1075 4186 aliquot
1098 4119 1365 4172 remorarentur.
1406 4103 1569 4190 Quodam
1582 4113 1620 4182 in

431 4223 459 4270 ·„
475 4197 557 4263 loco
583 4192 696 4258 citant
714 4183 900 4271 Ariflutrlrm
915 4233 927 4266 ,
955 4187 1089 4264 ait,hrt
1113 4186 1165 4250 ridi
1185 4205 1243 4250 nou
1265 4186 1345 4266 diro,
1376 4199 1411 4250 ru
1441 4211 1499 4256 nort
1527 4195 1620 4278 legisti

432 4319 460 4357 „
474 4272 881 4442 Arffllmsqlgfflflfls
896 4271 1059 4339 trecentis
1070 4269 1155 4336 locis
1170 4271 1275 4336 citem
1292 4267 1476 4352 Matalon
1493 4273 1619 4348 Graece

432 4400 457 4437 u
471 4381 514 4429 20
537 4359 672 4428 Iamne·
751 4356 786 4421 lli

430 4483 454 4522 r,
469 4459 571 4530 atquc
595 4439 731 4525 Alam,
764 4447 790 4485 “
1052 4518 1096 4594 M

827 4355 969 4424 multis?
987 4353 1117 4426 Omnia
1130 4352 1291 4438 superant
1310 4356 1467 4441 quemvis
1490 4355 1619 4445 Orellrm
1753 4359 1757 4378 ’
