4742 5814
530 609 729 716 nnrsr.
758 602 1068 710 sunncrru
1096 627 1163 702 nn
1190 607 1528 715 uwnnsos.
1568 641 1656 738 257

435 819 541 898 aliter
555 815 654 993 fort}
665 810 827 904 sentiret,
849 805 1061 910 faceretque.
1087 805 1191 888 Vale.
1214 783 1217 788 ¹
1243 803 1446 912 ingolstadii
1470 833 1528 908 25.
1552 813 1649 912 Junii
1700 913 1705 924 ¹

436 939 533 996 anno
560 934 628 1008 153
658 967 668 989 .
1740 995 1744 999 .

681 1102 1194 1235 nntrs‘r'onn
1261 1113 1419 1220 cvr.
1682 1075 1813 1191 'nn

447 1580 548 1674 Vini
583 1575 721 1666 landes
745 1571 1215 1804 ιιβνηᾳυεὼῖριιῇαῗαα
1233 1589 1417 1687 potorem
1440 1568 1646 1688 eleganter
1711 1579 1817 1670 1538.

996 1711 1050 1774 rae
1076 1711 1167 1776 tta.

534 1912 701 2002 Ondum,
728 1916 780 1990 uti
795 1913 920 2000 video,
945 1913 1004 2009 Jo.
1028 1909 1400 2009 JatoieOrnatillime,
1425 1935 1504 1988 cum
1521 1914 1643 1990 Boccho
1803 1917 1805 1932 '

438 2019 443 2026 '
561 2009 736 2088 &Poetis
751 2017 805 2086 vin
825 2014 939 2086 redire
964 2014 1001 2082 in
1030 2011 1190 2105 gratiam.
1238 2011 1350 2105 Atqui
1379 2033 1447 2106 ego
1474 2013 1643 2106 proximis

442 2106 517 2180 istie
550 2105 677 2182 sororis
707 2127 777 2180 tuae
802 2106 955 2202 nuptiis,
979 2105 1068 2178 illud
1086 2106 1317 2202 veterialegis
1349 2107 1559 2181 convitium:
1584 2123 1642 2180 out

446 2203 514 2276 bibe
538 2219 596 2274 aut
611 2205 681 2289 ali,
705 2205 779 2276 viui
797 2201 868 2274 tibi
884 2198 1024 2274 tandem
1049 2196 1269 2274 excuss'utum
1284 2200 1351 2276 else
1374 2199 1588 2278 fastidiums
1608 2228 1641 2277 e·
1761 2240 1768 2274 ι

443 2297 575 2372 rabam.
624 2296 759 2372 Vinum
780 2296 916 2392 antiqui
933 2293 1107 2370 sacrificiis
1127 2295 1361 2384 adhibebant,
1384 2321 1499 2394 neque
1517 2321 1563 2372 no
1594 2319 1641 2388 ra

422 2393 623 2488 religionis
648 2391 812 2493 mysteria
826 2392 904 2466 sunt
932 2387 1040 2470 ἄοινα,
1086 2389 1168 2464 Sine
1190 2392 1274 2466 virro
1300 2417 1366 2468 nec
1388 2397 1541 2470 carmina
1559 2375 1641 2470 scri·

441 2489 594 2578 buntur,
630 2513 698 2566 nec
731 2489 864 2586 nuptiae
895 2489 1127 2564 celebrantur.
1175 2485 1227 2561 Et
1253 2485 1327 2586 ipsa
1348 2489 1448 2564 Italia
1474 2493 1512 2566 in
1541 2493 1642 2568 vino·

442 2609 520 2660 rum
554 2585 713 2660 bonitate
738 2587 923 2686 praecipue
944 2587 1126 2682 gloriatur.
1174 2582 1274 2680 Quid
1308 2587 1415 2684 igitur
1438 2588 1546 2663 habes
1568 2613 1640 2685 quo
1677 2594 1679 2600 '

441 2703 536 2758 tuam
558 2681 731 2770 dipondio
757 2679 933 2759 exornes?
957 2680 1096 2756 Medici
1109 2677 1231 2755 vinum
1248 2685 1387 2778 potanti
1400 2705 1531 2758 certam
1547 2707 1639 2780 prae·

442 2781 605 2874 dixerunt
620 2779 826 2875 Podagrarn.
875 2776 925 2851 At
942 2793 1073 2876 quanta
1091 2775 1156 2850 tibi
1173 2776 1297 2852 contri
1312 2778 1514 2853 morborum
1529 2785 1639 2856 molen

442 2897 487 2949 ex
510 2877 581 2952 istis
601 2879 671 2952 tuis
689 2877 790 2969 aquis
804 2874 1010 2971 impendet?
1034 2869 1212 2947 Adferunt
1229 2872 1343 2950 secum
1360 2875 1513 2970 aliquam
1528 2875 1640 2950 solici·

440 2973 599 3046 tudinem
619 2971 773 3057 divitiae,
797 2967 857 3043 sed
874 2991 965 3066 quot
983 2967 1107 3046 contri
1130 2969 1229 3044 malis
1247 2970 1401 3050 obnoxia
1418 2977 1635 3068 paupertari

441 3063 592 3142 Proinde
610 3067 788 3143 communi
805 3063 900 3138 sensu
915 3087 1032 3140 carere
1052 3065 1227 3151 creditur,
1259 3066 1320 3162 qui
1346 3087 1495 3162 propter
1524 3068 1637 3143 custo·
1705 3087 1707 3092 ’

442 3161 508 3235 diae
529 3185 664 3246 euram,
689 3164 817 3259 opibus
844 3161 1027 3257 egestatem
1054 3163 1246 3255 anteponit.
1296 3160 1375 3254 Jam
1402 3160 1516 3236 rursus
1538 3163 1636 3260 quod
1724 3227 1730 3240 .

441 3261 551 3354 majus
573 3260 737 3334 hnmanae
761 3259 885 3333 ruentis
904 3259 1190 3334 delettanentum
1213 3253 1284 3347 est,
1309 3257 1413 3354 quim
1439 3261 1562 3334 amori
1585 3259 1636 3336 Et

442 3355 501 3429 hic
520 3376 636 3430 tamen
655 3353 724 3430 srne
753 3357 877 3430 Boccho
892 3351 1008 3452 friget.
1060 3350 1292 3451 Quapropter
1315 3355 1377 3454 qui
1399 3377 1522 3452 aquam
1540 3359 1634 3457 poti·

442 3457 539 3541 tant,
562 3455 652 3526 tanti
665 3451 739 3527 ferd
754 3453 840 3526 boni
858 3452 1040 3526 dulcedine
1051 3472 1181 3525 carent.
1230 3449 1395 3549 Denique
1411 3455 1449 3528 bt
1464 3449 1538 3549 ipsa
1550 3477 1634 3528 con·

442 3545 540 3624 vivia
553 3549 741 3621 inventain
757 3551 845 3631 hoc,
864 3566 903 3620 ut
912 3547 1080 3621 tristitiam
1093 3569 1141 3622 ex
1155 3547 1304 3643 negotiis
1321 3547 1531 3622 contradam
1544 3573 1636 3624 mor·

442 3642 568 3716 talibus
585 3639 789 3732 discutiant,
813 3663 875 3718 tuo
895 3645 1000 3720 etiam
1026 3642 1183 3738 judicio,
1208 3636 1269 3716 nisr
1287 3663 1419 3717 merum
1435 3645 1634 3729 accederit,

444 3735 523 3810 sunt
533 3739 783 3814 melancholica
798 3740 836 3814 δι
876 3740 951 3813 lane
965 3740 1087 3812 canina
1105 3737 1218 3834 (utin
1256 3740 1419 3814 roverbio
1435 3739 1509 3836 est)
1533 3765 1637 3839 pran-

444 3834 514 3908 dia.
564 3833 699 3912 Verium
717 3831 810 3908 cello
825 3761 889 3910 eiii
908 3834 983 3908 vini
999 3835 1119 3908 laudet
1146 3763 1310 3923 recrffire,
1334 3859 1378 3910 ne
1398 3840 1505 3934 magis
1530 3839 1635 3912 etiam

348 3929 353 3940 '
444 3927 570 4005 sortem
594 3949 691 4005 tuam
712 3931 833 4012 dolere
862 3931 933 4004 inci
960 3930 1030 4016 ias,
1054 3931 1117 4008 ubi
1145 3949 1239 4006 tanta
1261 3931 1328 4006 tibi
1356 3931 1450 4006 bona
1477 3953 1636 4008 naturam

444 4025 604 4100 invidille
640 4027 848 4126 perpendat.
946 4026 1027 4100 abet
1058 4048 1128 4123 pro
1162 4050 1179 4098 a
1209 4028 1322 4102 uatici
1356 4026 1503 4125 epistola
1540 4033 1638 4104 vina·

445 4145 562 4212 ceam,
578 4123 803 4198 metationem
816 4119 1096 4216 tamenfuturam
1104 4175 1117 4211 ,
1143 4051 1207 4198 nii
1220 4146 1301 4198 ante
1312 4125 1494 4218 prandium
1509 4125 1638 4224 scripta

443 4217 569 4293 fulli'et.
616 4219 714 4316 Bene
737 4221 845 4316 igitur
867 4217 969 4302 vale,
994 4217 1134 4316 Fuggert
1150 4218 1369 4303 Chariiiime‚
1393 4219 1419 4292 sr
1443 4223 1550 4296 modo
1568 4223 1639 4298 fine

441 4316 530 4392 uino
545 4314 762 4399 benevuere
776 4336 895 4418 potet.
919 4313 977 4391 Ex
993 4313 1205 4413 lugolliadio
1220 4313 1413 4414 aAugulii
1425 4341 1518 4396 anno
1532 4327 1640 4415 1538.

497 4573 582 4654 roe.
606 4552 659 4655 'rr
823 4527 826 4532 ’
1077 4577 1148 4659 nn
1530 4579 1645 4659 ner-
