4612 5850
717 545 1843 726 „orion-11ru'nrrrnzurorrnrrr

714 793 910 875 non'solhrn
931 789 1044 868 Cuhr
1060 789 1245 866 toleravit:
1272 789 1330 866 sed
1345 791 1441 864 hello
1457 815 1601 889 quoque
1614 803 1780 892 proadmo
1798 809 1906 884 Saul„

717 891 834 966 raldo
852 889 1016 963 securitas
1031 884 1157 960 eisdem
1174 887 1253 958 data
1272 883 1374 998 fuit..
1400 887 1515 964 Porto
1536 895 1579 964 de
1597 893 1640 965 iis
1665 901 1727 991 qui
1753 902 1798 974 ad
1817 928 1908 982 mer-t

719 1007 836 1061 oatuua
860 987 896 1056 in
926 986 1014 1056 hanc
1037 982 1186 1054 nostram
1212 977 1432 1056 Provinciam
1460 988 1632 1069 veniunt,
1657 1015 1835 1088 nunquam
1857 1004 1909 1074 in.

721 1079 884 1176 quifitum
908 1075 999 1165 luit,
1022 1099 1126 1170 quant
1151 1073 1373 1170 Religionem
1402 1079 1664 1172 profiterentur.
1715 1088 1847 1166 Verium
1871 1099 1910 1171 in

720 1173 947 1251 Hollandiam
963 1175 1120 1246 nonnulli
1136 1169 1373 1264 Anabaptistae
1388 1195 1430 1246 ac
1440 1175 1701 1254 sacramentarii
1714 1184 1911 1266 habitatum

723 1269 921 1352 venientes,
946 1265 1080 1342 causam
1096 1263 1214 1338 edihio
1241 1265 1412 1340 dederunt
1471 1269 1521 1342 Et
1535 1274 1620 1346 mihi
1636 1273 1718 1350 sane
1734 1305 1806 1355 non
1818 1285 1911 1362 maid

724 1366 912 1440 convenire
930 1364 1092 1447 videtur,
1113 1377 1154 1432 ut
1168 1357 1312 1432 sciamur
1325 1366 1563 1438 conditionem
1578 1389 1699 1446 eorum
1717 1379 1779 1470 qui
1797 1381 1919 1456 nobit·
1990 1389 1992 1392 ’

727 1482 809 1534 eum
824 1459 1001 1531 habitant:
1027 1477 1129 1550 quam
1148 1455 1280 1549 ubique
1298 1477 1412 1532 tamen
1433 1461 1479 1533 ad
1498 1459 1708 1540 Curatorurn
1734 1471 1812 1565 (4)
1833 1499 1911 1550 cer.

726 1553 948 1628 nificationtm
966 1549 1244 1646 adstringendum
1259 1571 1330 1625 non
1344 1553 1514 1638 arbitror,
1527 1554 1550 1627 st
1569 1559 1678 1634 modo
1694 1568 1837 1646 aliundd
1852 1593 1914 1645 co·

728 1647 846 1746 gnosci
864 1645 995 1744 poterit
1015 1649 1100 1720 novi
1116 1649 1241 1719 incolat
1258 1651 1419 1742 qualitas.
1443 1648 1646 1728 Permittere
1662 1680 1779 1734 autern
1794 1665 1913 1757 palium

728 1746 913 1829 omnihus,
938 1761 979 1814 ut
998 1743 1057 1817 hic
1070 1743 1192 1817 vivant
1204 1741 1252 1812 rr
1268 1763 1311 1814 ea
1334 1741 1520 1841 Religione
1539 1771 1608 1842 qua
1624 1755 1755 1844 velint,
1779 1759 1914 1856 absque

728 1840 801 1915 ulla
823 1839 1065 1932 indagatione,
1088 1838 1174 1909 mihi
1191 1857 1262 1908 non
1284 1839 1328 1910 ud
1346 1837 1526 1916 Haeresum
1542 1846 1831 1944 extirpationem,
1853 1855 1915 1932 sod

756 1937 980 2008 lantationem
993 1936 1111 2029 potina
1125 1933 1298 2028 pertinere
1314 1936 1468 2012 videtur.
1516 1937 1628 2032 Quod
1645 1945 1688 2017 ad
1707 1969 1761 2021 me
1770 1951 1911 2038 attinet,

609 2061 611 2064 ·
729 1955 779 2102 h.
803 2029 852 2104 D.
878 2029 923 2104 V.
969 2051 1022 2100 uae
1046 2029 1388 2104 mearumadiionnm
1407 2029 1502 2108 testir
1519 2038 1588 2123 est,
1613 2037 1663 2110 ita
1684 2039 1787 2136 spero
1802 2066 1914 2122 totam

729 2125 824 2200 hanc
846 2147 918 2200 rem
943 2052 1094 2218 diriget,
1129 2147 1172 2197 ne
1195 2124 1281 2196 mihi
1308 2129 1492 2240 quicquam
1517 2131 1690 2209 immerito
1710 2139 1913 2235 imputetur.

730 2219 862 2294 Severa
882 2221 984 2292 nimis
1004 2241 1045 2292 ac
1059 2220 1186 2294 acerba
1210 2217 1352 2295 cousrlta
1379 2225 1464 2296 mrhr
1492 2245 1670 2318 nunquam
1695 2233 1913 2325 placuerunt.
1964 2317 1974 2320 ,

733 2311 864 2407 Quoad
880 2337 993 2392 autem
1019 2318 1143 2410 potui,
1166 2315 1343 2410 mitigavi,
1376 2337 1456 2412 qoae
1477 2321 1668 2415 mhiganda
1691 2329 1916 2408 ridebantur.

731 2405 843 2502 Quod
864 2410 887 2482 sr
907 2407 1034 2486 Caesari
1053 2414 1088 2485 in
1109 2409 1314 2506 quibusdam
1331 2413 1432 2488 aliter
1446 2413 1561 2490 visun
1587 2417 1671 2508 fuit,
1696 2445 1768 2498 non
1797 2450 1913 2502 meum

731 2505 783 2575 etl
801 2503 994 2598 Majtstatir'
1007 2505 1076 2578 sua
1095 2508 1270 2581 voluntati
1286 2503 1458 2583 obfistete.
1508 2511 1627 2587 Multa
1641 2535 1755 2594 autem
1772 2524 1914 2617 quidam

732 2617 828 2672 nunc
845 2603 1068 2686 cavillantur,
1088 2603 1245 2694 quaejam
1262 2622 1325 2695 per
1341 2605 1467 2699 viginti
1480 2627 1590 2680 annor
1606 2612 1778 2702 prioribus
1793 2617 1915 2696 edistis

729 2690 830 2769 fuere
848 2691 1013 2786 exprell'a.
1063 2694 1227 2788 Quorum
1250 2699 1375 2772 meritd
1393 2702 1481 2773 ratio
1494 2701 1540 2774 ab
1552 2707 1778 2797 authoribus,
1802 2737 1912 2788 nona

729 2809 787 2864 me
803 2787 1017 2884 expedianda
1033 2789 1092 2864 est.
1142 2787 1312 2864 Prolixiur
1335 2795 1402 2868 hac
1426 2798 1470 2871 de
1485 2817 1523 2870 re
1546 2799 1592 2870 ad
1617 2801 1663 2873 R.
1689 2803 1738 2878 D.
1763 2807 1808 2880 V.
1833 2809 1914 2886 scri·

659 2875 666 2890 ’
729 2883 803 2969 bo,
827 2907 899 2982 quo
912 2886 1062 2958 animum
1084 2905 1196 2960 meum
1219 2890 1462 2962 nonnullorum
1484 2893 1665 2968 calumniis
1684 2904 1912 2979 cavillationi·

729 2978 860 3076 busque
892 3001 1105 3055 commotum
1139 3001 1338 3060 exonerent.
1387 2984 1445 3060 De
1470 2987 1612 3082 reliquis
1644 2995 1722 3088 post
1743 2995 1909 3076 scribam:

728 3096 824 3150 nunc
854 3097 924 3148 non
945 3079 1064 3164 licuit,
1086 3077 1121 3148 in
1147 3079 1359 3171 quotidianis
1385 3079 1598 3158 diversorum
1627 3089 1913 3186 interpellationi·

727 3169 806 3244 bus.
857 3169 956 3244 uena
972 3174 1071 3262 vale,
1093 3171 1248 3248 Domine
1262 3173 1583 3254 Observandiffiurt.
1608 3180 1734 3260 clivia
1754 3197 1808 3268 16.
1826 3189 1913 3286 Julil

728 3285 821 3339 anno
848 3287 889 3355 15
896 3287 950 3360 50.
1901 3319 1909 3344 r

552 3477 676 3542 m..
729 3400 740 3417 ”
907 3452 1411 3558 EntsTOLA
1469 3430 1737 3560 cxtrx.

482 3560 500 3590 ²
552 3576 602 3617 mo
620 3559 677 3622 IV.

548 3634 694 3776 ἔξω·
775 3657 1276 3754 ENGELBERTO
1315 3665 1858 3792 CANCELLARIO

1037 3785 1521 3904 BRABANTIAE(
1539 3801 1601 3908 1).

415 3993 418 3999 ’
576 4019 680 4092 1550·
722 3987 797 4081 De
821 3991 1108 4104 dffculrarr'bus
1134 4001 1255 4124 motis¹
1281 3999 1322 4084 r‘n
1350 4005 1572 4092 renouando
1595 4001 1738 4098 Edicto
1769 4031 1907 4102 tantm

758 4242 775 4324 (
782 4241 824 4327 4)
850 4240 1037 4308 Cumarum
1083 4241 1162 4319 seu,
1185 4245 1427 4326 parochorum,
1787 4123 1890 4216 hm

736 4375 739 4383 Δ
760 4322 1018 4420 (tl-Engelherro
1082 4325 1219 4392 nretlarto
1236 4323 1429 4418 hraramtae]
1452 4349 1688 4434 cognomento
1707 4357 1775 4409 van
1789 4343 1904 4428 Data,

716 4421 777 4491 qur
790 4406 856 4474 furt
871 4407 1002 4492 Eques,
1023 4408 1190 4496 toparcha
1207 4409 1252 4480 de
1268 4409 1452 4495 Ltefdael,
1473 4419 1574 4489 dude
1586 4421 1742 4506 thdre,
1764 4423 1903 4495 &uno-

1827 4529 1902 4584 rem
