4840 5830
709 683 740 774 r
861 659 1205 793 ‚ausuum
1260 661 1733 762 unucurours

715 887 789 944 tate
802 863 959 962 judicum
986 883 1028 936 ac
1044 857 1269 936 tribunalium
1287 858 1323 930 in
1343 879 1415 932 uno
1435 858 1629 956 eodemque
1646 863 1746 952 loco,
1773 865 1910 964 oppido

717 985 779 1040 aut
801 963 943 1038 civitate
964 956 1175 1044 sedentium,
1200 957 1318 1052 prima
1342 953 1454 1030 statim
1484 956 1619 1044 fronte,
1654 962 1702 1033 ob
1729 963 1780 1036 rei
1800 962 1914 1060 ‚ipsius

718 1062 855 1148 ideam,
880 1077 958 1154 quae
977 1052 1035 1129 etsi
1052 1076 1125 1127 non
1140 1053 1314 1136 cernitur,
1341 1073 1455 1125 mente
1470 1075 1584 1130 tamen
1600 1057 1818 1152 concipitur,
1833 1083 1916 1155 pro÷

720 1157 954 1232 nuntiandum
969 1151 1110 1224 videtur
1124 1169 1191 1244 pro
1208 1147 1416 1242 Magistratu
1433 1151 1522 1232 loci,
1544 1150 1663 1245 judice
1682 1155 1858 1238 ordinario
1877 1153 1918 1234 δι

722 1252 891 1332 naturali,
918 1263 1039 1324 contra
1048 1243 1193 1320 Consilii
1207 1244 1377 1329 tribunal,
1400 1247 1553 1341 judicem
1569 1247 1713 1341 quidem
1730 1253 1916 1347 majorem,

723 1347 784 1426 sed
805 1373 825 1420 a
843 1345 1008 1438 Principe
1028 1337 1330 1440 superimpofitum
1352 1339 1434 1415 seris
1450 1345 1688 1437 temporibus,
1712 1371 1792 1422 cum
1812 1346 1922 1424 causae

725 1446 1066 1539 multiplicarentur,
1090 1438 1344 1533 appellationes
1370 1435 1574 1534 frequentes
1596 1440 1725 1534 essent,
1751 1445 1789 1521 &
1814 1444 1922 1542 ipsius

725 1541 921 1638 Principis,
955 1539 1053 1631 cujus
1076 1533 1231 1608 dominia
1260 1556 1467 1622 creverant,
1491 1539 1708 1628 commodis,
1730 1539 1924 1638 juribus&

726 1635 970 1736 praerogativis
997 1632 1145 1728 propius
1171 1627 1425 1724 inspiciendum
1450 1631 1488 1707 δι
1514 1635 1709 1708 cavendum
1731 1636 1825 1712 esset.
1875 1636 1927 1710 Et

728 1739 779 1810 ita
797 1731 1057 1806 existimandum
1075 1745 1164 1822 puto
1189 1726 1227 1797 iu
1250 1725 1466 1824 universum,
1490 1726 1550 1800 nist
1575 1727 1742 1822 speciales
1763 1735 1835 1808 loci
1860 1735 1927 1808 cir-

729 1829 944 1920 cumstantiae
971 1823 1214 1920 exceptionem
1240 1820 1452 1896 constituant
1479 1848 1500 1897 a
1525 1823 1623 1898 thefi.
1675 1827 1775 1921 Quid
1804 1830 1927 1904 enirn?

729 1927 839 2002 Unde
856 1946 935 1999 nata
953 1920 1002 1996 est
1012 1973 1023 2008 ,
1038 1921 1129 1995 unde
1145 1938 1243 2006 orta,
1268 1920 1380 2012 prima
1394 1918 1666 2015 Magistratuum
1687 1923 1872 2004 austoricus
1889 1929 1928 2004 δι

728 2019 952 2122 jurisdictio?
978 2017 1035 2094 De
1057 2014 1169 2112 prima
1188 2035 1328 2110 quaero,
1359 2013 1418 2088 seu
1437 2018 1636 2111 primitiva,
1667 2041 1739 2094 non
1760 2026 1804 2098 de
1822 2023 1930 2118 privi-

731 2121 833 2217 legiis
851 2145 873 2194 a
892 2113 1054 2212 Principe
1080 2110 1262 2193 concessis,
1288 2112 1381 2184 unde
1408 2115 1485 2186 unis
1510 2114 1617 2210 major
1645 2116 1749 2212 quim
1777 2121 1852 2194 aliis
1876 2116 1929 2194 est

730 2216 917 2292 austoritas
935 2214 1087 2298 tributa;
1103 2229 1183 2302 quae
1199 2203 1443 2301 posterioribus
1461 2232 1603 2306 quoque
1618 2215 1834 2311 temporibus
1849 2239 1934 2300 coa·

732 2316 839 2410 gruit.
891 2310 959 2405 Ajo
979 2333 1065 2402 ego:
1096 2303 1318 2398 Ubicumque
1336 2302 1385 2378 est
1410 2307 1592 2380 hominum
1617 2309 1838 2388 adunatio&
1860 2311 1930 2390 frc-

734 2409 878 2504 quentia
900 2408 935 2476 in
952 2407 1075 2476 eodem
1092 2403 1174 2473 loco
1193 2400 1255 2472 ubi
1272 2400 1385 2474 sedem
1400 2399 1537 2496 figunt,
1563 2405 1621 2476 ubi
1636 2429 1689 2477 res
1703 2405 1779 2482 suas
1799 2431 1841 2481 ac
1859 2410 1930 2485 for-

736 2527 836 2578 tunus
861 2499 1062 2581 collocant,
1088 2497 1147 2567 ubi
1166 2491 1299 2567 sisium
1321 2495 1358 2568 δι
1377 2497 1540 2566 amissum
1568 2519 1729 2590 quaerunt
1748 2504 1861 2576 &ubi
1880 2506 1932 2580 in·

737 2603 853 2676 vicem
883 2614 1099 2677 coutuntur,
1135 2588 1402 2682 societatemque
1433 2612 1474 2664 ac
1501 2614 1688 2666 commune
1717 2597 1931 2679 constituunt

739 2695 839 2786 (sive
868 2717 928 2768 eos
952 2695 1091 2774 uicinos,
1117 2684 1186 2758 ssve
1209 2683 1359 2768 incolas,
1393 2685 1464 2759 imo
1490 2689 1657 2764 ruricolas
1682 2693 1857 2788 appelles,
1882 2697 1933 2772 nii
2056 2767 2059 2774 .

739 2794 868 2882 refert)
896 2791 966 2876 ibi,
993 2781 1234 2880 Magistratum
1259 2803 1318 2854 aut
1339 2782 1492 2874 judicem
1519 2781 1585 2857 esse
1610 2807 1648 2860 ut
1672 2809 1790 2864 mente
1813 2797 1932 2869 couci·

738 2893 839 2986 pias,
863 2887 1007 2960 omnino
1033 2879 1164 2954 necesse
1189 2877 1238 2950 est
1257 2873 1423 2970 exipsius
1451 2878 1564 2952 rursus
1582 2884 1631 2956 rei
1649 2884 1737 2964 idea.
1789 2885 1933 2986 Nempe

741 3005 910 3080 oportere
926 2981 975 3054 ibi
992 2978 1057 3055 esse
1074 2981 1166 3071 leges
1189 2972 1257 3046 fine
1273 2973 1400 3066 quibus
1421 2977 1515 3047 nulia
1531 2977 1666 3053 constet
1688 2981 1850 3068 societas,
1875 3011 1932 3064 res

737 3081 815 3176 ipsa
840 3081 904 3154 tibi
925 3081 1090 3171 loquitur.
1142 3071 1287 3144 Etcum
1307 3070 1452 3162 quaeris3
1479 3071 1577 3168 Quid
1599 3075 1642 3148 ad
1664 3080 1754 3152 rixas
1773 3081 1934 3160 dirimen-

741 3183 823 3262 das,
858 3169 1119 3267 componendas
1152 3163 1390 3260 dissensiones,
1423 3165 1520 3240 suum
1548 3173 1676 3267 cuique
1707 3173 1932 3266 servandum,

741 3275 857 3346 ablata
880 3269 1108 3349 restituenda,
1134 3265 1204 3335 vim
1224 3261 1521 3356 propulsandam?
1547 3265 1632 3342 Tibi
1653 3267 1738 3364 ipsi,
1763 3276 1851 3348 velis
1870 3299 1934 3350 no·

741 3373 860 3444 lisere
878 3387 1051 3458 concepta
1065 3363 1166 3436 semes
1184 3359 1280 3443 idea,
1307 3358 1510 3452 respondes:
1523 3359 1588 3436 esse
1602 3364 1653 3438 ibi
1670 3367 1930 3464 Magistratum‚

742 3465 812 3537 esic
833 3465 999 3555 iudicem.
1050 3457 1122 3541 Et,
1148 3457 1273 3548 exigua
1298 3453 1323 3527 si
1348 3455 1395 3526 ibi
1420 3462 1670 3549 communitas,
1696 3468 1859 3561 exiguum
1882 3469 1932 3544 ibi

740 3559 1005 3654 Magistraturn,
1030 3553 1088 3628 sed
1109 3574 1225 3627 tamen
1249 3547 1488 3645 Magistratum
1508 3553 1594 3641 esse,
1620 3555 1657 3630 δι
1673 3559 1845 3653 judicem,
1870 3567 1932 3661 qus

740 3660 843 3742 initio
866 3656 1060 3748 pedaneus,
1085 3647 1181 3744 lapsu
1199 3650 1366 3741 temporis
1385 3646 1497 3720 sedem
1517 3657 1691 3748 acceperit
1709 3677 1749 3728 ac
1768 3661 1931 3736 tribunos.

742 3755 851 3828 Certe
868 3755 903 3824 in
922 3747 1001 3846 ipsis
1020 3746 1170 3821 coloniis
1183 3801 1193 3832 ,
1204 3744 1241 3818 δι
1257 3743 1352 3835 apud
1368 3741 1516 3836 Jroqur'os
1532 3743 1699 3823 Americae
1715 3751 1932 3850 Septentrio.

742 3853 830 3924 nasis
847 3849 1013 3922 barbaros
1032 3843 1204 3940 populos,
1229 3861 1300 3910 non
1323 3835 1384 3910 nisr
1409 3841 1446 3912 in
1465 3837 1547 3914 casis
1564 3866 1606 3919 ac
1622 3847 1757 3942 tiguriis
1774 3853 1930 3932 habitan·

741 3971 816 4032 tes,
842 3943 1074 4037 magistratum
1090 3937 1156 4011 esse
1173 3961 1215 4010 ac
1226 3935 1399 4030 judicem,
1425 3936 1565 4012 docebit
1581 3941 1640 4034 qui
1657 3946 1700 4017 de
1715 3947 1841 4021 horum
1857 3975 1931 4026 mo·

743 4041 891 4116 ribus&
910 4041 982 4109 vira
1001 4055 1113 4130 nuper
1135 4029 1269 4128 scripsit
1291 4051 1362 4104 non
1385 4033 1498 4105 minus
1518 4039 1651 4108 erudite
1670 4063 1772 4133 quam
1791 4047 1929 4142 elegan-

741 4157 806 4214 ter.
832 4139 848 4226 (
863 4155 902 4226 19
913 4133 928 4230 )
941 4129 1048 4205 Nuda
1061 4130 1176 4203 adhuc
1189 4131 1345 4225 &nuper
1361 4145 1441 4200 nata
1456 4129 1599 4204 societas
1615 4135 1813 4227 homiuum,
1824 4143 1930 4219 habet

1834 4239 1929 4315 ordi·

759 4378 868 4470 '(19)
890 4377 1021 4445 Moeurs
1046 4373 1109 4442 des
1136 4374 1308 4460 Sauvages
1336 4371 1596 4459 Amr-squeire,
1626 4381 1830 4466 compare'es
1856 4365 1929 4458 ani

738 4483 868 4537 nroeurs
887 4465 946 4530 des
962 4460 1127 4557 premiere
1143 4475 1267 4542 temps.
1308 4456 1373 4525 Par
1386 4459 1420 4553 ie
1435 4459 1474 4528 Ρ.
1491 4459 1643 4533 Lasitectt
1662 4465 1754 4550 desa
1771 4467 1924 4560 Compa.

735 4557 816 4646 gnie
832 4549 874 4619 de
890 4545 996 4634 Jesus.
1015 4543 1106 4613 Parus
1124 4560 1219 4632 1724.
1237 4561 1269 4612 2.
1284 4541 1365 4612 Vol.
1382 4557 1468 4631 1114.
