4742 5814
496 623 693 753 nntsr.
721 617 1029 720 munero
1054 645 1123 716 m
1150 617 1479 726 nnmnsos.
1538 647 1642 750 ³05.

431 811 781 992 lilim
798 813 1627 990 dilituittutt‘tttdtlt

478 1011 683 1086 niualem
696 1011 742 1089 ab
758 935 999 1087 hocpffimto
1023 1007 1095 1121 (a)
1120 1033 1178 1086 me
1192 1009 1416 1100 dehortatur,
1441 1031 1509 1084 nec
1525 963 1626 1104 igno:

429 1131 472 1184 ro
486 1105 586 1184 baud
604 1102 727 1182 defore
744 1107 848 1183 etiam
870 1106 956 1183 alior
978 1126 1041 1201 qut
1055 1127 1171 1182 meum
1194 1101 1375 1180 confilium
1395 1104 1627 1203 improbatnri

428 1201 522 1281 lunt.
544 1199 682 1282 Verum
697 1201 770 1301 ipse
788 1199 926 1301 optime
949 1200 1023 1280 icio
1038 1224 1110 1300 qua
1126 1223 1181 1278 me
1197 1219 1298 1299 parte
1316 1205 1450 1279 calcent
1468 1223 1626 1298 premat,

428 1299 588 1398 novique
617 1321 685 1398 ego
711 1301 915 1376 tenuitatem
937 1321 1075 1386 meum,
1108 1317 1289 1396 utcunque
1312 1319 1353 1375 tu
1384 1319 1498 1374 meam
1522 1298 1626 1374 isthic

427 1393 633 1496 rapiendam
646 1395 907 1496 depraedicaria.
957 1394 1111 1472 Comitia
1130 1397 1212 1473 baec
1225 1395 1272 1470 ad
1289 1397 1424 1470 exitum
1443 1395 1627 1470 decurrere

428 1493 623 1580 videntur,
646 1489 746 1590 Rege
771 1490 961 1568 abitionem
1011 1510 1138 1570 arante
1187 1489 1341 1582 torum,
1389 1515 1446 1566 uae
1464 1511 1536 1566 tam
1563 1490 1625 1566 diu

431 1583 659 1668 conmoversa
679 1586 758 1665 sunt
782 1612 861 1666 cum
884 1588 971 1665 Prot
1064 1586 1188 1676 tibur,
1218 1583 1312 1684 pene
1338 1589 1372 1660 n‘
1403 1591 1410 1602 ’
1450 1584 1627 1663 adfinem

432 1703 593 1784 optatum
622 1681 811 1762 deduiinm
834 1683 894 1759 est.
952 1683 1072 1761 Multa
1091 1707 1172 1790 *quo
1197 1705 1242 1760 ue
1270 1680 1309 1758 in
1340 1681 1441 1762 eausa
1471 1680 1627 1760 Clivenii

432 1781 697 1880 componenda,
719 1779 781 1857 sed
801 1803 875 1858 non
889 1804 924 1856 m
994 1804 1112 1860 ocum
1125 1779 1181 1856 frn
1217 1805 1262 1868 n,
1285 1801 1417 1857 tentata
1433 1777 1524 1859 sunt.
1547 1779 1624 1855 Do·

434 1879 551 1954 minut
579 1899 602 1952 a
626 1879 811 1975 Crrlougr'r's
833 1877 939 1954 bien
988 1899 1036 1954 nc
1058 1877 1178 1954 haeret
1229 1875 1289 1952 De
1338 1878 1460 1954 ecunia
1477 1899 1522 1951 ne
1553 1901 1625 1974 guy

432 1975 574 2076 quidem
589 1972 772 2144 attilanam
788 1972 979 2072 respondit.
1027 1972 1078 2086 lit
1098 1997 1296 2143 {nunquam
1310 1899 1440 2048 ssraeses
1456 1975 1550 2048 viam
1564 1975 1627 2056 ali·

432 2069 1625 2278 itti,⁰Qtttt²tttffltit¹tititt‚it‘tlltittqti

461 2257 540 2341 aiio
563 2282 630 2337 noa
651 2261 895 2358 expedimur:
918 2260 1015 2336 haud
1037 2261 1139 2337 deoet
1155 2283 1247 2336 enim
1268 2263 1329 2336 hic
1345 2285 1409 2336 nos
1430 2264 1558 2336 herere
1572 2287 1625 2336 re·

432 2284 540 2456 bqnia
563 2353 833 2434 discedentibus.
882 2355 1032 2432 Utinam
1057 2376 1092 2431 te
1114 2377 1218 2431 antea
1241 2356 1448 2442 videamus,
1480 2376 1540 2431 ant
1561 2357 1624 2432 sui·

431 2471 504 2530 tent
526 2455 564 2528 in
585 2453 646 2528 via
665 2456 861 2551 jungamur.
886 2451 1000 2538 Vale,
1024 2450 1180 2528 Domine
1205 2452 1384 2530 &Amice
1408 2452 1624 2530 selestiffime.

431 2547 691 2647 Nuremberge
717 2569 775 2623 ao.
794 2548 929 2645 Aprilis
952 2571 1044 2624 anno
1072 2569 1177 2644 1543.

434 2779 460 2820 ‚,
474 2739 545 2810 Hic
566 2737 667 2808 notit
685 2737 863 2825 preterita
882 2755 964 2810 curn
982 2755 1110 2826 magno
1129 2738 1246 2808 nostro
1271 2740 1392 2808 dolore
1417 2739 1626 2831 Veltwyltiom

435 2864 461 2902 ‚,
476 2823 627 2900 nostrum
651 2823 831 2892 amisimus.
871 2822 1011 2890 Initium
1033 2823 1147 2891 morbi
1165 2824 1277 2911 coepit
1297 2826 1340 2892 ab
1360 2825 1519 2904 calculo,
1540 2843 1627 2895 con·

434 2947 461 2985 „
476 2906 723 2991 fluentibusque
743 2907 816 2972 aliia
838 2907 955 2974 multis
971 2906 1228 2983 accidentibus,
1250 2905 1310 2974 ubi
1330 2907 1460 2992 aliquot
1473 2907 1546 2977 dies
1565 2911 1626 2979 de·

435 3029 461 3067 ‚,
477 2989 675 3067 cubuiilet,
704 2990 852 3056 aninam
871 2989 951 3058 Deo
981 2989 1143 3060 reddidit.
1185 2992 1226 3056 In
1271 3008 1316 3056 uo
1337 2991 1414 3056 viro
1436 3009 1516 3059 cum
1536 2995 1626 3060 mni·

434 3111 461 3150 ‚‚
478 3087 552 3140 tum
577 3089 699 3139 omnes
720 3071 948 3150 amiserimus,
968 3085 1044 3140 tum
1064 3072 1150 3140 mihi
1169 3091 1253 3141 acce
1277 3086 1306 3140 rt
1325 3072 1482 3141 laborum
1502 3092 1625 3144 cumn·

436 3195 462 3233 ‚,
479 3157 549 3224 lus:
568 3156 627 3239 qni
646 3155 744 3222 illum
763 3155 788 3220 ss
808 3173 879 3222 non
900 3175 922 3222 o
947 3155 1077 3242 preliit,
1098 3157 1247 3225 muitum
1262 3169 1359 3226 certe
1376 3157 1537 3241 perculit
1578 3159 1625 3229 Et

436 3279 462 3316 ,‚
477 3239 561 3306 mihi
580 3251 710 3306 metum
730 3236 866 3319 ndfert,
888 3239 922 3306 n'
968 3240 1054 3309 abne
1068 3239 1174 3310 detur
1188 3257 1272 3308 mox
1284 3239 1452 3308 succellor
1495 3250 1527 3308 io
1543 3241 1623 3310 Coro

434 3363 460 3402 ,‚
469 3321 540 3408 filio
557 3322 712 3406 Privato)
736 3341 781 3390 ne
799 3321 892 3391 idem
917 3323 1028 3392 fatum
1049 3322 1145 3409 sequi
1176 3341 1296 3410 cogar.
1334 3323 1422 3392 Vale
1514 3325 1625 3396 cobet.

435 3407 545 3483 „Die
565 3407 776 3494 Epiphaniae.
797 3425 827 3474 a.
851 3407 973 3492 1555.’'
993 3405 1095 3477 Obiit
1111 3407 1218 3494 igitur
1236 3425 1292 3474 an.
1313 3421 1408 3491 1555.
1430 3410 1548 3478 meniis
1566 3411 1626 3496 Ja-

435 3492 545 3557 nuarii
563 3491 619 3558 die
640 3509 672 3573 5.
690 3491 749 3558 vel
769 3493 802 3560 6.
820 3489 906 3558 Non
925 3491 1073 3559 Viennae
1091 3491 1127 3557 in
1146 3490 1301 3568 Austria,
1321 3492 1380 3560 ubi
1394 3491 1514 3576 Vigilat
1525 3511 1624 3560 nnm-

435 3590 539 3657 quam
559 3571 651 3640 visus
671 3573 766 3652 init,
798 3573 856 3641 sed
876 3575 1072 3654 bruxellis,
1099 3573 1159 3641 nbi
1180 3573 1323 3645 Consilii
1350 3573 1479 3644 Privati
1498 3575 1627 3646 Praeles

434 3655 631 3724 constanter
654 3670 805 3722 moretur
825 3655 884 3725 est„

433 3740 538 3888 s(a)
560 3738 609 3806 Ab
628 3740 678 3835 bor
705 3735 839 3820 instituto
861 3738 943 3825 litt]
975 3737 1150 3811 senatoris
1175 3741 1380 3840 Parlarnenti
1399 3739 1629 3838 Mecblinien·

433 3821 1355 4007 enituittttttttttlttttttt
1366 3826 1627 4005 ,ttltttt

431 3989 546 4058 Monte
562 3985 784 4078 promissum,
804 4005 841 4054 tn
860 3987 1201 4064 stabtlemSenatorra
1258 3993 1489 4064 echitmtnfis:
1512 4011 1625 4066 exem·

430 4073 528 4161 plum
547 4073 699 4143 imitatur
722 4069 854 4142 Gerra
874 4073 1009 4154 Maior,
1031 4074 1258 4163 aliorumque.
