4680 5828
608 597 665 716 76
693 636 695 642 ·
719 583 965 698 VIGLII
991 609 1060 682 Aa
1087 581 1749 684 AY·TTAZU10HEM1

432 833 560 902 exro-
723 801 1285 902 ³EPISTOLA
1340 803 1644 904 XXVII.
1748 873 1757 892 .,

434 911 541 980 ⁸⁰¹¹·
782 1039 1165 1155 JACOBO
1228 1037 1636 1136 DUXINO.

312 1040 314 1043 ψ
433 994 489 1058 sol.
511 999 562 1071 943
596 1037 598 1043 .

455 1295 560 1376 1532·
614 1278 763 1402 Jacobi
801 1285 842 1368 in
878 1275 930 1393 se
977 1279 1120 1365 merite
1157 1294 1280 1393 grato
1316 1281 1446 1366 anime
1488 1276 1671 1392 recenset.
1738 1280 1812 1371 De

741 1387 947 1506 Francisro
986 1386 1381 1592 &reparamur
1417 1387 1698 1508 profefferibus

618 1741 763 1918 ME
786 1743 950 1841 quidem,
974 1740 1205 1820 colendiflime
1231 1761 1431 1838 ptaeceptor
1459 1743 1611 1824 Durine,
1635 1763 1812 1840 nunquam

753 1844 813 1916 vel
831 1840 1087 1914 benevolentiae
1107 1861 1188 1935 erga
1208 1860 1264 1911 me
1292 1857 1382 1926 tuae,
1405 1840 1466 1914 vel
1487 1837 1620 1914 consilii
1635 1839 1687 1912 tui
1705 1843 1814 1933 coepit

618 1937 766 2012 oblivio.
816 1936 1081 2011 Benevolentiae
1101 1955 1216 2007 autem
1230 1957 1408 2030 nunquam
1426 1931 1522 2030 poll'e
1538 1958 1592 2008 me
1611 1933 1719 2008 sentio
1735 1937 1815 2029 pari

620 2031 737 2107 officio
753 2032 982 2130 respondere,
1007 2053 1047 2104 ea
1063 2032 1154 2130 enirn¹
1172 2026 1302 2102 summa
1324 2053 1406 2125 erga
1423 2053 1480 2105 me
1497 2029 1575 2106 suit.
1605 2029 1708 2120 Quid
1724 2034 1815 2104 enim

618 2151 694 2204 non
721 2129 905 2225 praestitisti
931 2147 1034 2202 aetate
1058 2147 1239 2209 maturus,
1270 2123 1309 2198 δι
1337 2125 1475 2201 Βοᾶοι
1495 2126 1814 2214 excellentissimus,

622 2227 834 2301 authoritate
849 2224 1089 2319 dignitateque
1107 2221 1234 2296 eximia
1247 2223 1416 2318 praeditur
1426 2274 1437 2311 ,
1448 2223 1535 2296 mihi
1550 2221 1759 2298 adolescenti
1773 2245 1816 2297 ac

551 2337 554 2344 '
623 2323 760 2418 tyroni,
785 2337 905 2395 extero
929 2319 966 2396 δι
984 2320 1134 2414 ignoto,
1158 2340 1232 2414 quo
1264 2315 1311 2391 ad
1349 2320 1501 2414 aliquem
1530 2319 1567 2391 in
1589 2317 1680 2414 Jurie
1704 2319 1817 2392 studio

623 2415 820 2513 profedium
846 2417 1078 2510 perduceres,
1103 2436 1145 2490 ac
1170 2414 1348 2511 ingenium
1372 2436 1487 2487 meum
1512 2414 1609 2487 humi
1624 2414 1746 2523 jacent
1770 2413 1816 2486 ad

624 2515 775 2608 aliquam
797 2508 891 2607 spem
916 2509 1082 2584 dodirinae
1109 2513 1317 2593 attolleret,
1340 2509 1519 2583 inculcans
1546 2509 1635 2582 miht
1657 2507 1818 2603 quotidie

624 2610 792 2704 ptaeclara
820 2607 1009 2680 studiorum
1039 2608 1211 2701 premia,
1243 2602 1282 2678 δι
1312 2621 1498 2700 pareutum
1527 2604 1816 2701 expediationem.

627 2704 717 2798 Quo
733 2701 779 2776 fic
804 2725 860 2777 me
878 2700 1086 2787 detinuisti,
1110 2723 1151 2776 ut
1169 2721 1205 2776 te
1222 2695 1402 2797 prosecuit
1423 2700 1492 2773 mei
1520 2700 1634 2774 omnis
1657 2720 1818 2776 autorem
1840 2731 1842 2735 ·
1938 2738 1941 2748 ·

629 2800 756 2874 merito
775 2797 951 2894 perpetud
976 2794 1163 2892 agnoscere
1185 2817 1302 2893 cogar.
1357 2793 1487 2871 Adhuc
1510 2797 1671 2872 hortatus
1692 2822 1730 2873 es
1757 2795 1818 2870 sae·

658 2898 733 2978 iuo,
756 2913 797 2968 ut
821 2893 954 2969 ltaliam
979 2890 1144 2982 viserem,
1167 2893 1288 2988 ibique
1305 2891 1543 2989 colophonem
1552 2889 1652 2989 jailis
1670 2895 1765 2990 apud
1781 2912 1818 2967 te

628 2920 863 3066 sundameutis
884 2992 1110 3086 imponerem.
1160 2985 1232 3062 Cui
1245 2985 1390 3064 consilio
1407 2987 1545 3083 mejam
1565 2989 1683 3064 obtem
1712 2987 1817 3064 erasse

630 3085 859 3182 significatum
876 3085 942 3159 tibi
956 3085 1074 3171 volui,
1098 3106 1179 3158 nam
1196 3081 1378 3159 Patavium
1393 3082 1456 3160 sub
1472 3083 1642 3158 Calendar
1701 3107 1820 3158 ovem-

631 3183 714 3258 bres
733 3181 910 3280 superiore
932 3203 1024 3253 anno
1045 3179 1150 3267 veni,
1173 3177 1419 3350 bienniumpue
1447 3176 1646 3276 proximum
1665 3203 1821 3256 commo·

577 3309 581 3321 ·
632 3280 700 3352 rari
723 3276 874 3353 decrevi.
925 3275 978 3350 Ut
997 3295 1111 3351 autem
1127 3276 1172 3350 ad
1188 3292 1222 3349 te
1240 3277 1350 3372 aliqui
1394 3276 1438 3350 de
1457 3275 1577 3351 studiis
1594 3275 1727 3350 ‘italicis
1741 3272 1823 3351 scri·

634 3376 733 3461 bam,
755 3369 844 3447 scito
870 3370 1068 3466 Frentisrum
1088 3373 1235 3446 Curtium
1252 3373 1437 3467 primatum
1454 3371 1632 3461 obtineret
1655 3395 1721 3446 nec
1740 3375 1825 3446 alio·

634 3491 712 3545 rum
730 3463 908 3564 quisquam
920 3469 970 3542 illi
983 3464 1216 3542 conferendus
1226 3466 1446 3562 meojudicio
1460 3469 1623 3556 videtur,
1639 3493 1703 3544 nec
1715 3493 1825 3565 quen·

636 3587 741 3661 quam
760 3565 866 3640 habet
884 3564 945 3659 qui
961 3561 1006 3634 ad
1022 3583 1141 3657 parem
1168 3562 1314 3656 gradum
1340 3563 1571 3658 eontendete,
1593 3568 1654 3638 vel
1675 3566 1821 3660 gloriam

637 3657 917 3828 ejusfobscurare
931 3676 1089 3825 conetup.
1123 3654 1220 3824 Ns?
1234 3658 1409 3826 Marinnpp
1422 3661 1558 3828 §turpe
1567 3710 1580 3747 ,
1605 3659 1823 3830 {4⁷¹me“3
1956 3706 1961 3715 -

639 3779 685 3830 ex
730 3778 821 3832 tatte
848 3777 959 3850 nepot
986 3775 1056 3825 non
1082 3775 1140 3826 um
1206 3775 1365 3849 Jotumg
1403 3777 1464 3828 rtae
1482 3779 1520 3831 re
1561 3777 1688 3842 unet,
1771 3777 1822 3829 ta·

639 3874 721 3924 men
744 3851 940 3926 eruditione
964 3849 1056 3922 illius
1073 3849 1192 3943 patrui
1208 3849 1246 3922 δι
1270 3851 1329 3922 avi
1353 3850 1447 3924 illius
1466 3851 1507 3925 ill
1575 3872 1670 3926 atum
1695 3871 1823 3926 nomen

639 3946 708 4032 est,
733 3969 806 4042 quo
821 3944 862 4019 fit
877 3965 918 4018 ut
937 3941 1078 4019 secundi
1104 3943 1253 4018 nominis
1273 3944 1405 4018 existat.
1454 3947 1577 4020 Decius
1594 3967 1707 4022 autem
1728 3948 1823 4045 apud

638 4041 957 4136 Senasdectepima
971 4039 1062 4133 agit,
1087 4037 1125 4111 δι
1139 4035 1328 4114 solicitatur
1348 4037 1461 4136 saepe,
1486 4043 1530 4115 ad
1549 4044 1687 4139 legendi
1699 4068 1822 4117 munus
1906 4080 1909 4086 ·

639 4137 794 4231 impelli,
819 4136 886 4230 jam
911 4135 1015 4209 semel
1035 4136 1121 4210 rude
1143 4133 1310 4223 donatur,
1335 4157 1408 4210 uon
1425 4135 1560 4234 potest,
1587 4139 1624 4214 δι
1645 4137 1738 4212 forte
1763 4141 1823 4212 de·

641 4237 711 4305 cies
728 4233 764 4305 iu
786 4252 878 4306 anno
903 4227 1037 4306 tantum
1058 4231 1157 4326 legit.
1207 4227 1290 4305 Nec
1311 4232 1418 4306 video
1443 4234 1479 4306 in
1502 4232 1621 4318 Italia,
1647 4251 1823 4308 tantorum

637 4330 794 4401 virorum
809 4329 958 4422 aliquam
981 4325 1123 4421 stirpem
1138 4322 1318 4422 superesse.
1340 4323 1482 4422 Ptrifiur
1497 4329 1663 4424 quidam,
1687 4329 1747 4424 qui
1763 4331 1824 4404 hic

633 4421 847 4524 aliquamdiu
864 4419 1034 4524 profrllur
1049 4422 1098 4502 cst
1107 4475 1121 4520 ,
1137 4444 1230 4503 uunc
1244 4423 1394 4503 iuRtitr'
1403 4424 1523 4502 locum
1533 4421 1689 4504 successit
1705 4424 1824 4536 Bono

1743 4541 1824 4598 nlae.
