4612 5850
540 608 737 712 uersu.
767 603 1075 712 suuuoud
1104 631 1171 700 m
1196 607 1543 716 mumsoa
1562 595 1662 740 air

437 815 629 920 furoribus
652 813 725 910 (u)
748 831 866 908 nuper
884 809 1001 886 adme
1017 805 1166 885 miffum.
1211 805 1348 908 irr'quo
1363 811 1418 889 uti
1431 813 1658 913 diligentiam

440 935 619 994 memnon
641 905 778 1010 poffum
802 931 875 983 non
896 908 1059 995 laudare,
1083 911 1131 982 ita
1157 930 1298 1005 quoque
1325 909 1362 985 in
1382 935 1546 1012 maguam
1566 915 1646 994 sum

440 1007 611 1092 addudtus
625 1007 910 1095 admirationem,
934 1007 1115 1102 quomodo
1129 1007 1165 1080 in
1177 1027 1273 1080 tanta
1288 1005 1556 1112 Magistratuum
1570 1033 1645 1088 tur·

435 1111 502 1198 hu,
526 1104 740 1205 Respublica
760 1101 863 1180 reste·
886 1101 1073 1200 gubernari
1095 1106 1264 1202 potuerit.
1312 1100 1418 1181 Nosti
1440 1109 1538 1204 quod
1572 1112 1656 1191 diui.

436 1206 546 1294 fidet,
569 1202 829 1280 multitudinem
846 1199 1104 1298 Imperatorum
1124 1199 1265 1277 Cariam
1282 1201 1355 1298 (2)
1370 1203 1569 1301 perdidiffe.
1594 1207 1645 1292 Et

435 1303 464 1380 sr
491 1303 587 1381 forte
618 1303 732 1388 dicas,
766 1301 815 1374 nil
840 1303 960 1396 potius
997 1297 1064 1372 effe
1099 1299 1241 1383 ordine,
1274 1323 1347 1395 quo
1372 1303 1655 1400 uniuscujusque·

437 1405 557 1478 munia
573 1397 640 1472 fiut
656 1393 840 1472 distiudiae
856 1399 893 1470 id
912 1395 1053 1494 quidem
1078 1393 1220 1478 fateor,
1235 1396 1424 1472 dummodo
1449 1425 1522 1474 non
1539 1403 1654 1495 mimia·

439 1500 601 1574 minutim
624 1517 665 1570 ea
686 1495 896 1570 dividantur.
946 1491 1078 1582 Quaeso
1102 1493 1193 1566 enim
1211 1513 1265 1577 te,
1291 1494 1339 1566 mi
1368 1495 1530 1590 Hopperr,
1546 1517 1642 1574 “corr-

439 1596 543 1674 cinua
562 1594 663 1668 nobis
679 1592 830 1688 aliquam
850 1591 1028 1680 :Curiam
1048 1588 1138 1677 five,
1163 1591 1216 1664 uti
1241 1612 1335 1665 nunc
1360 1592 1556 1688 loquimur,
1583 1618 1654 1669 au··

438 1693 528 1783 lam,
545 1685 1655 1788 existisPrimieerii‘s,Lampadariis,Laterculensrbumatque

430 1787 602 1880 ‚dimisti
617 1785 884 1868 Barbaricorum
910 1785 1092 1864 uonrirmm
1118 1781 1245 1860 turba:
1272 1783 1510 1862 difficillimum
1542 1789 1654 1862 certe:

436 1885 565 1972 fuerit,
590 1883 684 1981 ipsos
728 1887 820 1958 inter
854 1881 890 1960 se
920 1881 1126 1958 discernere.
1176 1881 1287 1956 U'udd
1317 1883 1379 1968 fit,
1414 1905 1455 1958 ut
1478 1885 1653 1968 credam„

437 1974 732 2080 quemadmodum
748 1982 856 2054 hodie
870 1981 1054 2067 videmus,
1079 1981 1200 2054 eadem
1218 1978 1313 2075 peuri
1334 1977 1471 2070 officia,
1497 1979 1652 2056 diverfis·
1757 2053 1767 2074 Ι
1820 1968 1833 2017 .·

434 2081 645 2178 regionibus
656 2074 790 2152 diversa
805 2077 918 2150 sortiri
939 2079 1091 2152 uomina.
1143 2075 1198 2150 U't
1220 2082 1372 2174 exempli
1395 2079 1506 2174 gratia
1530 2082 1650 2152 nomi—

435 2202 519 2254 nem
547 2177 782 2260 arimannos,
807 2173 1005 2258 Baiilivos·,.
1034 2173 1257 2260 Schultetos,
1290 2173 1496 2260 Dromos,
1536 2177 1653 2250 Sene·

437 2275 613 2350 schallosz.
629 2269 678 2346 src
700 2272 803 2345 etiam
822 2269 1005 2367 Juslirrr'um'
1019 2293 1182 2367 tempore
1199 2269 1358 2346 accidisse
1372 2273 1532 2348 arbitror.
1566 2273 1641 2346 An·

435 2375 544 2468 tiquae
565 2367 665 2452 certd'
676 2365 806 2442 Romae
829 2367 867 2444 &
881 2367 995 2444 Italiae
1016 2365 1164 2444 barbara
1192 2389 1233 2442 ea
1251 2373 1393 2442 nomina
1413 2392 1538 2468 parum
1555 2393 1641 2444 eon-

436 2471 558 2544 veuire
583 2465 657 2541 visa
678 2465 776 2540 sunu.
817 2463 887 2540 Sed
919 2489 961 2540 ea
986 2467 1029 2540 ab
1059 2463 1176 2551 Afiae,
1211 2463 1416 2560 Africaeque
1438 2469 1653 2562 regionibuo·

435 2563 778 2660 Constantinopolim
794 2560 859 2634 seu
869 2584 999 2635 novam
1017 2561 1168 2637 Romam
1183 2562 1322 2635 investa
1338 2563 1495 2638 arbitror.
1533 2563 1653 2640 Unde·

434 2665 470 2738 in
499 2666 572 2738 hoc
596 2662 788 2744 librorum,
815 2680 908 2756 quoe
931 2659 1107 2734 meditaris
1127 2661 1246 2754 plures
1272 2656 1379 2752 hujus
1401 2661 1562 2756 generis,
1588 2664 1648 2736 in·-

434 2757 570 2854 greffu·‚
595 2759 739 2845 dubito,
764 2778 847 2831 rrum
865 2755 961 2850 quod
973 2777 1091 2852 operae
1105 2756 1255 2850 pretium
1273 2751 1442 2832 faciurum
1453 2778 1487 2830 te
1503 2779 1654 2852 putem..

436 2857 554 2952 Quam
582 2855 671 2928 enim
689 2873 918 2944 promereare
939 2853 1077 2926 laudem
1093 2851 1132 2922 in
1151 2848 1360 2926 illustrandis
1384 2855 1446 2942 iis,
1471 2877 1552 2948 quae
1575 2877 1653 2948 per·

435 2953 469 3025 se
488 2974 559 3026 tam
575 2947 773 3023 obscurare
791 2945 936 3018 barbara
949 2945 1053 3020 sunt?
1078 2945 1151 3018 Aut
1168 2970 1230 3020 cur
1242 2948 1434 3020 ornandam
1449 2950 1513 3022 tibi
1528 2947 1654 3029 sumas·-

436 3035 708 3140 Rempublicam
723 3045 772 3114 ita
791 3037 998 3116 oonfusam?
1021 3039 1105 3137 Nec
1128 3041 1215 3136 mihi
1230 3043 1288 3115 hic
1307 3042 1531 3138 Justiniunum
1553 3046 1640 3142 obji-

436 3146 526 3218 uias:
552 3144 649 3236 cujus
661 3135 722 3214 etfi
742 3137 892 3212 studium
907 3138 943 3210 in
958 3138 1094 3234 legibus
1111 3139 1309 3234 digerendis
1328 3163 1399 3212 non
1415 3139 1550 3237 poffum
1566 3167 1649 3218 nom

437 3239 589 3316 maxime
603 3233 775 3337 probare,
798 3259 869 3312 nou
887 3257 1001 3310 tamen
1011 3234 1097 3310 ided
1108 3233 1239 3310 neceffe
1255 3235 1369 3313 habeo
1384 3235 1489 3314 fateri
1496 3233 1510 3322 ,⁴
1532 3238 1652 3336 ipsrua.

244 3313 247 3322 ¹
298 3397 300 3404 ,
434 3359 536 3412 aerate
559 3333 829 3430 Rempublicam
843 3356 985 3430 quoque
1000 3334 1227 3430 praeclarius,
1253 3333 1356 3429 quiam
1372 3334 1434 3410 sub
1449 3341 1561 3410 veteri
1576 3342 1654 3412 im··

434 3437 561 3534 perio,
596 3433 746 3529 quoda
783 3429 1002 3505 Consulibus·
1029 3430 1073 3504 ad
1105 3429 1260 3503 Caesares
1285 3431 1512 3508 transmiffum
1548 3434 1638 3526 firit,

435 3530 658 3606 constitutam
674 3523 787 3600 fuisse.
838 3525 889 3600 Et
907 3526 1004 3602 certe
1020 3527 1099 3624 post
1115 3529 1240 3612 illum,
1266 3524 1336 3600 five
1352 3530 1413 3602 ista
1442 3530 1652 3606 officiorum.

436 3625 660 3710 uoniufione,
684 3621 754 3696 five
772 3621 846 3694 alia
865 3625 1029 3718 quapiam
1046 3623 1143 3696 fatali
1160 3621 1284 3711 causa,
1310 3646 1330 3695 a
1348 3623 1492 3720 pristina
1509 3634 1653 3725 magni·-

434 3728 554 3800 tudine
580 3721 731 3798 excidit„
772 3718 948 3806 Voluisti,
972 3721 1022 3792 mi
1044 3719 1205 3814 Hopprrr,
1230 3721 1362 3816 aliquid
1378 3744 1436 3796 me
1463 3725 1578 3799 dicere
1595 3730 1656 3802 de·

435 3825 506 3899 tuis
530 3820 599 3894 istis
617 3813 945 3892 Lucubrationibus.
993 3813 1242 3891 Verumtamen
1262 3819 1370 3890 nolim
1401 3841 1479 3891 meo
1500 3821 1651 3916 judicio·

435 3918 667 3996 multumhuc
684 3917 777 3989 iure
794 3911 939 3988 tribuas.
991 3909 1102 4004 Quid,
1125 3914 1227 3986 euim,
1241 3935 1330 4007 noe,
1365 3917 1426 4013 qui
1452 3919 1544 3992 curis
1567 3920 1654 3994 istie.

792 4055 797 4068 ·
915 4041 923 4046 ·
1529 4039 1641 4114 nego-

420 4225 424 4234 ·
476 4190 540 4277 (1)
561 4187 710 4255 [ridellum
738 4183 772 4250 de'
798 4183 1049 4270 Magistroribusff
1079 4184 1153 4251 Hic
1184 4199 1255 4248 non
1279 4181 1457 4254 iuvenitur
1479 4190 1516 4255 in
1537 4191 1656 4260 editisr

418 4270 767 4362 &opperiuperibum
790 4288 856 4336 nec
878 4271 922 4338 de
935 4287 979 4336 eo
996 4271 1232 4336 meminerunt
1243 4267 1391 4348 Μίνωας,
1414 4269 1554 4342 Valerius
1570 4277 1654 4342 An..

419 4357 524 4432 ,urm
544 4371 604 4426 aut
623 4349 779 4439 suffridus
794 4354 899 4430 Petri,
919 4355 978 4440 qui
995 4369 1112 4420 tamen
1139 4351 1185 4418 de
1206 4351 1345 4420 ineditis
1362 4354 1526 4439 loquitur.

479 4439 543 4525 (u)
566 4438 719 4524 Currum]
735 4439 847 4507 Caria
862 4437 909 4505 est
930 4439 1026 4524 regio
1054 4435 1197 4531 miuoris
1215 4433 1304 4502 Asrae
1323 4437 1416 4506 iuter
1432 4441 1577 4526 Lyciam
1602 4442 1658 4513 &a

423 4523 593 4612 'juniam
607 4523 924 4611 quaeJamTurcis-
934 4536 1034 4610 paret
1044 4517 1185 4600 „dista
1195 4515 1352 4590 Arduum.
1361 4521 1456 4592 Did.
1465 4525 1615 4616 Treuolr,
