4680 5828
652 709 712 804 62
740 698 983 810 VIGLII
1010 723 1080 796 au
1108 697 1367 798 AYTTA
1394 699 1766 802 ZUICHEMI

653 903 786 984 lescens
810 898 963 1001 impense
980 900 1117 976 deditus
1139 923 1253 986 eram,
1276 898 1359 976 iheu
1378 899 1430 976 fui
1454 903 1491 976 in
1510 901 1663 980 Galliam
1681 911 1852 1008 relegatur

655 1003 762 1078 adea
781 996 972 1098 Gymnasia
982 1049 994 1086 ,
1020 999 1057 1071 in
1085 999 1214 1096 quibus
1229 1017 1358 1092 praeter
1375 999 1523 1094 legalem
1543 999 1758 1097 disciplinam
1777 1009 1854 1080 nul·

655 1103 692 1175 la
709 1095 849 1173 scientia
872 1099 910 1169 in
926 1096 1044 1192 pretio
1066 1115 1152 1170 erat.
1200 1093 1312 1170 Porto
1335 1092 1362 1170 fi
1388 1117 1505 1170 tecum
1526 1097 1769 1196 Bartolistarum
1790 1125 1854 1175 no·

656 1196 807 1271 strorum
829 1193 1020 1268 barbariem
1044 1213 1207 1288 reputes,
1232 1213 1338 1288 quam
1361 1211 1475 1268 tamen
1504 1215 1618 1280 rerum
1644 1191 1855 1294 cognoscen-

658 1294 781 1367 darum
802 1288 903 1365 causa
923 1289 1091 1363 devorare
1109 1286 1243 1364 necesse
1273 1285 1364 1377 suit,
1390 1289 1428 1364 &
1452 1291 1576 1385 inqua
1598 1292 1715 1369 adhuc
1740 1295 1852 1370 versa·

658 1411 737 1464 mur
754 1387 934 1484 quotidie,
957 1382 1031 1482 ipse
1054 1407 1126 1458 nou
1140 1383 1247 1458 fueris
1270 1383 1464 1473 inficiatus,
1489 1387 1593 1460 etiam
1611 1390 1784 1482 optimum
1802 1393 1854 1466 in·

685 1486 801 1560 enium
817 1484 908 1558 inter
924 1484 1010 1558 tales
1031 1479 1146 1578 spinas
1172 1479 1264 1555 haud
1284 1478 1388 1555 facile
1413 1479 1481 1554 sese
1504 1484 1549 1556 ad
1570 1485 1752 1559 meliorem
1777 1511 1855 1562 eru-

658 1507 804 1656 imonis
821 1578 918 1676 spem
933 1579 1093 1653 attollere
1115 1575 1222 1674 posse.
1270 1575 1330 1652 De
1347 1577 1484 1672 ingenii
1502 1601 1590 1654 vero
1606 1577 1766 1657 bonitate
1780 1607 1855 1658 non

658 1677 776 1752 habeo
790 1679 887 1773 quod
910 1697 965 1748 me
988 1671 1134 1770 jaciam,
1162 1674 1200 1748 &
1224 1695 1423 1770 quanquam
1438 1695 1496 1747 tne
1519 1673 1671 1752 delediet
1686 1699 1785 1752 tuum
1810 1681 1855 1752 de

658 1775 774 1872 patria
787 1795 864 1846 mea
882 1769 1092 1844 Encomium
1112 1767 1215 1864 (quis
1239 1771 1330 1842 enirn
1357 1771 1558 1843 mortalium
1578 1795 1648 1846 non
1666 1779 1738 1869 ejus
1753 1777 1857 1848 laude

660 1865 879 1964 afficiatur)
904 1860 1022 1950 tamen
1044 1863 1070 1938 fi
1099 1889 1179 1962 quae
1199 1865 1259 1938 illa
1280 1866 1358 1939 alba
1376 1867 1545 1962 produxit
1562 1867 1721 1961 ingenia,
1746 1873 1856 1966 magis

660 1988 774 2062 prope
800 1967 923 2038 mirum
948 1963 1062 2037 videri
1078 1962 1206 2047 debet,
1231 1961 1336 2059 quarn
1357 1963 1455 2058 quod
1480 1965 1575 2056 apud
1603 1963 1755 2062 Schytas
1780 1988 1855 2040 tan-

660 2082 720 2136 tus
746 2062 900 2136 extiterit
931 2053 1123 2152 Anachurstr
1147 2057 1242 2154 (1),
1268 2081 1371 2154 quern
1392 2059 1429 2130 in
1452 2059 1565 2132 media
1584 2081 1702 2134 natum
1724 2061 1855 2136 Barba·

660 2160 735 2244 ria,
759 2160 796 2230 in
812 2152 1038 2252 Philosophia
1058 2157 1146 2227 adeo
1165 2153 1361 2236 emicuisse,
1385 2155 1554 2230 miraculo
1576 2177 1690 2254 prope
1711 2157 1778 2231 fuit
1793 2183 1855 2234 ve·

662 2255 808 2330 teribus.
854 2250 949 2325 Nam
975 2271 1206 2345 praeterquam
1231 2252 1329 2346 quod
1356 2255 1502 2324 multum
1532 2250 1698 2344 confert,
1723 2255 1771 2328 ibi
1796 2256 1859 2331 ali-

661 2374 769 2446 quem
792 2345 883 2422 nasci
909 2345 970 2420 ubi
987 2343 1070 2441 ipsae
1094 2347 1206 2421 literae
1223 2365 1314 2420 natae
1338 2343 1433 2432 sunt,
1460 2345 1642 2446 studiaque
1664 2353 1858 2426 incremen-

660 2466 737 2527 tum
761 2445 953 2540 accepere,
977 2444 1124 2516 multum
1144 2443 1249 2515 etiam
1275 2447 1375 2538 juvat
1395 2444 1577 2530 educatio,
1605 2447 1643 2519 δι
1668 2445 1797 2520 format
1816 2451 1858 2518 -in

661 2543 786 2640 primis
810 2541 1008 2634 excolitque
1032 2539 1169 2633 ingenia
1192 2536 1386 2612 institutio:
1413 2537 1510 2634 cujus
1534 2539 1676 2633 quidem
1700 2565 1765 2613 nos
1787 2565 1856 2616 tna-

690 2639 776 2712 istris
791 2659 968 2722 caremus,
992 2635 1205 2729 &exempla
1229 2634 1415 2707 domestica
1439 2635 1533 2708 nulla
1556 2635 1650 2730 pene
1676 2635 1855 2713 habemus.

662 2663 714 2811 iit
732 2755 907 2832 quanqam
933 2751 1032 2806 certe
1057 2752 1165 2825 equos
1189 2727 1298 2803 sortes
1316 2728 1491 2826 producat
1508 2727 1634 2819 Frista,
1661 2733 1699 2810 dr
1714 2729 1755 2806 srt
1772 2733 1858 2808 alibi

662 2851 777 2916 terra,
801 2829 928 2926 optimi
944 2845 1077 2901 tantum
1091 2827 1166 2900 uini
1188 2823 1307 2913 ferax,
1331 2847 1367 2900 at
1384 2827 1553 2902 humanus
1572 2829 1727 2920 animus,
1753 2855 1859 2928 quent

665 2930 797 3003 divinae
827 2948 922 2999 autae
949 2924 1156 3022 particulam
1180 2923 1335 2996 Horatius
1351 2923 1525 3014 uocabat,
1546 2946 1616 2998 non
1639 2925 1690 3000 est
1714 2926 1856 3002 exsulo

665 3021 897 3101 aellimandut.
958 3019 1178 3100 Hrtmaunum
1200 3041 1286 3092 vero
1315 3017 1449 3113 Frifiurrr
1475 3023 1568 3111 (a),
1593 3041 1726 3098 tantum
1750 3046 1857 3116 quan·

664 3141 741 3218 tum
757 3142 797 3194 tu
829 3143 907 3193 eum
931 3118 1058 3192 merito
1077 3115 1271 3210 praedicas,
1294 3138 1366 3190 non
1380 3113 1487 3190 Frista
1503 3119 1624 3214 genuit
1646 3117 1705 3194 sed
1724 3117 1858 3196 effinxit

665 3235 827 3298 accurata
848 3238 869 3288 a
891 3213 1019 3288 teneris
1048 3212 1175 3308 procul
1200 3212 1306 3284 domo
1328 3211 1524 3298 institutio,
1550 3233 1624 3287 turn
1644 3239 1731 3288 vero
1749 3218 1858 3311 perti·

665 3335 735 3390 uax
751 3309 885 3406 semper
901 3309 1049 3381 studium
1070 3307 1107 3382 δι
1123 3304 1339 3383 consuetudo
1361 3332 1441 3383 cum
1468 3309 1696 3384 eruditissimis
1720 3305 1858 3408 quibus·

664 3432 737 3506 que
756 3405 976 3486 Germaniae,
1001 3401 1148 3491 Galliae,
1172 3403 1304 3490 ltaiiae,
1331 3423 1405 3477 tum
1427 3405 1471 3478 ad
1489 3405 1564 3480 illas
1584 3406 1675 3503 ipsas
1698 3409 1858 3502 regiones

665 3501 850 3594 excolendi
874 3501 1008 3596 ingenii
1032 3497 1132 3573 causa
1148 3501 1393 3597 peregrinatio.
1444 3499 1537 3575 Mihi
1554 3525 1670 3577 autern
1696 3505 1858 3580 ultimum

665 3605 833 3679 boccum
852 3599 915 3672 illo
942 3617 1127 3672 commune
1155 3596 1224 3682 est,
1249 3593 1364 3672 sedin
1386 3596 1460 3672 aliis
1485 3597 1621 3675 diversa
1645 3603 1782 3690 omnia,
1808 3601 1860 3674 di·

1740 3696 1860 3774 versut

708 3851 774 3948 (1)
796 3847 1010 3934 Anacharfis]
1030 3847 1163 3944 Schyta
1189 3847 1398 3916 admirandae
1417 3847 1604 3934 sapientiae.
1645 3849 1749 3921 Unde
1774 3871 1858 3937 pro·

667 3936 826 4086 νετὸιὲιὶιη
844 3933 898 4081 de6
907 3935 991 4001 raris
1006 3933 1214 4001 hominibus.
1254 3933 1439 4017 Anachurfis
1456 3943 1534 4002 inter
1553 3933 1683 4020 Stiyrar.
1716 3937 1858 4008 Vanier.

666 4021 703 4088 in
752 4019 765 4084 1
801 4067 809 4084 .
855 4019 888 4084 o'
901 4030 926 4084 t.

710 4099 776 4186 (a)
834 4117 1007 4164 annuorum
1018 4097 1173 4184 Frisium]
1196 4098 1228 4166 Is
1244 4099 1292 4168 eli
1303 4099 1389 4183 Hojo
1405 4097 1616 4178 Hermotimo,
1635 4099 1757 4187 Erusmi
1792 4121 1857 4172 τε·

668 4185 776 4252 conio
810 4181 1009 4248 nobilitatus
1024 4201 1045 4259 ,¹
1060 4185 1157 4268 cujus
1190 4184 1234 4250 ad
1263 4201 1343 4252 curn
1374 4183 1507 4252 exstant
1538 4185 1670 4268 aliquot
1694 4203 1713 4250 e
1738 4185 1750 4249 i
1780 4188 1862 4255 olae.

668 4268 750 4335 Fuit
800 4263 1041 4332 utisconsultus
1070 4265 1241 4344 eximius,
1269 4265 1306 4335 dc
1340 4265 1559 4334 Confiliarius
1589 4267 1625 4333 in
1655 4203 1768 4336 Friia.
1813 4267 1856 4339 V.

668 4345 750 4434 Suff.
786 4347 992 4417 erriDer.10.
1015 4368 1047 4414 ca
1070 4401 1078 4416 .
1087 4349 1162 4434 §.de
1181 4349 1288 4434 Srripr.
1310 4348 1423 4434 Fnfiae.
1444 4349 1636 4417 Nonnullae
1649 4351 1691 4417 ad
1703 4349 1859 4418 Hernun·

668 4451 742 4498 num
762 4433 877 4500 literas
901 4431 997 4499 dedit
1017 4365 1152 4531 Vigliun
1172 4433 1208 4498 in
1229 4433 1350 4518 quibus
1382 4433 1549 4512 observo,
1569 4433 1662 4501 hunc
1682 4434 1725 4502 ab
1742 4434 1803 4504 illo
1820 4437 1859 4502 in

668 4515 820 4585 sortunae
846 4513 914 4582 suae
945 4515 1145 4603 cumprimis
1174 4517 1278 4588 lautae
1305 4515 1506 4590 societatem
1546 4516 1640 4590 suilsc
1667 4535 1854 4602 vocaturn,

668 4619 748 4674 raro
767 4597 847 4670 saue
868 4601 1041 4688 exemplo.
