4882 5804
737 642 822 736 ιω
848 639 1084 742 vrotrr
1114 665 1182 736 rs
1210 641 1480 742 Arrun
1507 641 1879 764 zuronunr
1902 700 1921 717 ·†

715 835 792 912 7tas
818 821 920 914 prelo
950 820 1131 916 imponit,
1164 817 1346 920 ipsumque
1380 821 1509 935 deinde
1543 833 1682 926 prelum
1719 837 1867 940 subigit,
1893 871 1936 926 ae

738 909 879 988 sublatis
904 917 1093 1014 impreiiis,
1118 940 1228 992 novas
1247 921 1375 994 iterum
1394 921 1541 1020 subjicit.
1589 927 1678 1007 Non
1701 937 1843 1029 possunt
1875 970 1935 1022 su·

741 1027 812 1085 tern
836 1009 897 1084 niii
917 1013 953 1086 in
980 1037 1088 1088 unum
1107 1011 1184 1088 folii
1200 1017 1292 1092 latus
1317 1041 1387 1092 uno
1411 1019 1468 1093 die
1492 1023 1625 1099 ehartae
1654 1031 1807 1126 imprimi
1838 1044 1936 1136 quod

741 1109 841 1203 prius
866 1110 1067 1182 exiccandae
1095 1108 1185 1201 sint,
1212 1135 1257 1186 ne
1288 1135 1515 1190 atramentum
1545 1118 1703 1212 diffluat,
1728 1130 1765 1204 δι
1790 1155 1834 1209 ut
1853 1135 1938 1215 aits?

740 1204 814 1276 rius
853 1207 972 1278 lateris
1004 1207 1252 1302 impreffionen
1286 1210 1504 1286 commodius
1533 1216 1728 1316 suscipiant.
1777 1227 1937 1330 Ideoque

641 1381 643 1388 ι
741 1301 847 1372 etiarn
868 1298 1041 1376 ficcativae
1058 1303 1217 1398 quaedam
1243 1309 1397 1380 materiae
1425 1327 1620 1388 atramento
1642 1319 1837 1414 adduntur,
1862 1355 1937 1428 quo

741 1395 903 1492 impressa
923 1395 1008 1471 folio
1038 1403 1210 1494 liquorem
1243 1400 1378 1478 facilius
1405 1407 1587 1484 retineant.
1634 1412 1731 1490 Nam
1758 1421 1820 1496 niii
1847 1427 1937 1506 bene

741 1489 879 1566 liccatae
905 1491 1054 1582 fuerint,
1081 1517 1157 1570 tum
1171 1520 1312 1594 quoque
1329 1497 1410 1574 cim
1430 1505 1619 1598 religandus
1640 1507 1741 1602 sunt,
1765 1519 1937 1617 irnprellae

740 1588 931 1662 litterarum
948 1587 1070 1686 figurae
1095 1591 1287 1689 pulsatione
1304 1594 1406 1670 facile
1420 1599 1639 1676 evanescunt.
1855 1611 1859 1618 '
1921 1691 1923 1696 ¹

746 1729 751 1742 ·
791 1683 983 1760 Novissime
1011 1691 1097 1763 verd
1137 1688 1401 1782 Complicatore
1433 1718 1574 1790 quoque
1600 1703 1720 1798 aliquo
1751 1730 1842 1804 opus
1865 1717 1936 1806 est,

741 1780 841 1876 eujus
855 1779 911 1855 est
926 1781 1080 1856 officium
1103 1783 1278 1882 impressas
1306 1787 1443 1862 chartas
1471 1795 1649 1884 exsecare,
1691 1803 1818 1881 deinde
1842 1835 1938 1888 com·

772 1878 898 1965 litare,
923 1901 966 1953 tc
980 1877 1101 1974 postea
1123 1881 1158 1954 in
1179 1881 1408 1969 duerniones,
1434 1891 1626 1976 terniones,
1652 1901 1938 1990 quaternionesv'e

744 1899 822 2068 furi
839 1998 931 2051 nunc
943 1975 1148 2072 loquimur)
1165 1979 1339 2073 digerere:
1366 2005 1407 2055 ac
1422 1981 1548 2060 deinde
1564 1988 1698 2065 eosdem
1713 1994 1751 2066 iu
1763 1998 1938 2097 integrum

742 2073 930 2158 volumen,
954 2097 995 2147 ac
1011 2076 1206 2169 exemplum
1226 2079 1516 2170 quemadmodum
1542 2088 1648 2160 vendi
1679 2087 1812 2179 solent,
1835 2103 1938 2177 colli.

743 2189 869 2262 geret.
888 2165 1016 2243 formas
1046 2193 1188 2264 quoque
1220 2167 1310 2266 ipsus
1346 2175 1410 2247 ubi
1437 2199 1600 2256 numerus
1625 2185 1938 2279 imprimendorum

744 2263 943 2359 completus
961 2264 1031 2348 est,
1058 2267 1095 2341 sir
1119 2287 1306 2362 autequam
1322 2269 1403 2365 typi
1421 2271 1537 2347 rursus
1552 2279 1589 2350 in
1612 2276 1689 2354 suos
1710 2283 1937 2380 disponantur

742 2361 912 2449 loculos‚·
927 2361 1114 2458 diligenter
1135 2364 1275 2450 lavare,
1300 2389 1342 2440 ne
1361 2389 1434 2440 ater
1461 2369 1678 2471 viscosusque
1700 2381 1817 2476 liquor
1843 2409 1883 2485 ty
1904 2395 1940 2470 ‚is

721 2525 725 2528 t.
744 2458 948 2547 adhaereat,
972 2479 1013 2532 ac
1040 2457 1150 2533 minius
1177 2460 1364 2536 commode
1384 2464 1518 2540 idcirco
1542 2474 1599 2544 vel
1627 2473 1796 2552 dissolurae
1822 2417 1937 2572 sursise

746 2553 856 2643 (dum
874 2578 980 2630 novae
1003 2551 1233 2631 conficiendae
1256 2556 1333 2630 sunt
1350 2555 1495 2728 forme)
1521 2573 1684 2660 componi
1704 2597 1853 2668 queant:
1878 2587 1939 2658 ad·
1970 2599 1981 2622 ·

743 2651 823 2725 haec
842 2653 948 2727 etiam
972 2655 1060 2749 pilus
1110 2676 1353 2748 apyrumque,
1378 2677 1449 2750 quo
1479 2661 1598 2736 acilius
1614 2665 1746 2744 litteras
1762 2673 1940 2769 impressae

743 2749 913 2843 recipiat,
936 2677 1150 2844 interpositis
1167 2749 1372 2842 quibusdam
1396 2753 1673 2834 humeelantibus
1696 2766 1851 2846 linteolis
1867 2799 1941 2858 rna·

745 2840 929 2930 deficere,
952 2867 1057 2940 atque
1079 2867 1307 2920 atramentum
1339 2849 1404 2921 rite
1427 2850 1555 2926 confici
1573 2878 1706 2934 curare.
1755 2863 1799 2940 In
1814 2873 1942 2966 quibui

745 2959 862 3017 tumen
879 2942 994 3038 operis
1011 2941 1213 3039 prestandis
1237 2963 1372 3040 pnrtem
1386 2947 1541 3044 aliquam
1557 2951 1621 3048 ipsr
1641 2978 1780 3056 quoque
1798 2966 1942 3065 impres-

743 3037 838 3115 sores
861 3061 1108 3136 nonnunquam
1131 3037 1289 3114 subeunt.
1474 3052 1475 3056 ’

793 3135 966 3209 Potiisrma
982 3160 1098 3212 autem
1111 3136 1261 3213 officinm
1284 3139 1506 3218 instrumenta
1529 3141 1611 3220 sunt
1632 3150 1739 3248 typi,
1762 3178 1940 3259 papyrus,

742 3252 993 3316 atramentum,
1015 3235 1120 3330 piiae,
1145 3237 1182 3308 dt
1198 3237 1344 3330 prelum.
1398 3279 1399 3282 π
1521 3278 1525 3287 -

794 3327 853 3402 De
872 3332 970 3424 typis
986 3333 1072 3403 nihil
1089 3330 1139 3404 est
1163 3353 1254 3428 opus
1282 3333 1431 3428 amplius
1450 3335 1578 3412 dicere.
1900 3425 1906 3436 ‚

780 3425 958 3520 Papylus
981 3447 1095 3498 autern
1114 3427 1294 3524 quomodo
1314 3452 1357 3503 ex
1388 3437 1549 3508 contritis
1579 3443 1854 3544 commolitisque
1875 3455 1940 3530 lin·
2010 3447 2014 3454 ’

743 3523 845 3596 teolis
861 3521 942 3606 liat,
967 3523 1142 3619 explicare
1159 3548 1230 3598 non
1254 3523 1303 3600 est
1318 3549 1418 3620 opus.
1469 3529 1562 3607 Haec
1591 3557 1707 3610 autern
1735 3565 1800 3636 per
1825 3547 1937 3643 solia,

744 3621 868 3708 src'us,
893 3616 995 3706 risus,
1020 3644 1062 3693 ac
1079 3619 1195 3706 buius,
1221 3641 1259 3694 ut
1274 3623 1938 3740 vulgaribusutarvocubulis(qnando

673 3771 674 3774 r
743 3716 872 3792 Latina
896 3714 1085 3812 deficitur)
1112 3715 1273 3814 distingui
1287 3717 1382 3792 solet.
1431 3721 1606 3802 Continet
1629 3753 1744 3807 autern
1764 3737 1841 3817 bala
1857 3743 1939 3823 risus

743 3813 882 3890 decem:
910 3813 975 3887 risa
988 3835 1089 3886 arcus
1105 3815 1251 3908 viginti:
1277 3837 1378 3889 arcus
1397 3817 1605 3897 rorsirssolia
1619 3829 1933 3936 vigintiquinquae.

742 3909 836 3988 Citm
861 3931 976 3984 autern
991 3911 1071 3984 baia
1087 3913 1211 4077 pqpyri
1227 3909 1383 3986 informis
1405 3919 1558 4012 quinque
1577 3919 1715 4000 florenis
1738 3937 1931 4030 vendatur,

739 4007 803 4082 sbi
818 4007 989 4102 impressio
1023 4029 1105 4080 acce
1133 4031 1181 4095 rt,
1213 4009 1340 4104 viginti
1364 4009 1440 4085 ferd
1461 4015 1621 4094 aestimari
1645 4021 1740 4098 solet.
1902 4013 1918 4056 ²

786 4103 1028 4179 Atramentum
1060 4123 1172 4176 autem
1208 4107 1280 4178 hoc
1304 4105 1481 4182 librarium
1506 4113 1828 4219 impressoriumque
1860 4153 1932 4206 non

737 4203 887 4274 multum
918 4223 939 4273 a
963 4198 1149 4295 scriptorio
1174 4197 1314 4291 differt,
1338 4205 1435 4299 quod
1460 4209 1669 4302 potissimum
1691 4239 1736 4290 ex
1759 4223 1824 4295 lini
1845 4230 1931 4302 oleo

735 4293 913 4395 gleisoque
937 4295 1132 4370 conficitur.

749 4451 753 4462 .
774 4390 859 4466 Piiae
868 4412 983 4466 autem
994 4393 1180 4486 hemicycli
1187 4388 1334 4470 formem
1349 4397 1736 4501 habent,constsntque
1745 4409 1835 4488 folio
1846 4418 1928 4514 pilis

729 4487 1927 4690 suffulto-Quodquiafacileconteriminmutaresubiudenecqil'elqst.

740 4611 753 4652 r
1816 4633 1853 4686 re
1891 4640 1926 4692 m
