4680 5828
286 693 293 708 .
415 591 416 595 Ὗ
543 623 767 724 eursu
797 621 1108 724 senecen
1134 649 1206 720 m
1233 621 1570 732 unvunsos.
1626 645 1683 756 ες

478 807 595 892 tiones
620 825 736 882 autem
763 821 968 881 oontextum
990 798 1186 902 sequuntur
1212 803 1382 892 authoris.
1430 801 1574 880 Deinde
1591 807 1686 888 veru

475 901 1039 1094 ltidttditidiidr
1057 899 1684 1078 umiduli-‘aim

475 1099 547 1172 riae.
597 1097 634 1172 Si
650 1120 732 1196 quae
748 1095 838 1172 verd
854 1095 1018 1170 extabant
1036 1091 1274 1170 consultorum
1292 1091 1395 1192 super
1412 1095 1522 1170 dubio
1528 1099 1607 1194 jure
1624 1119 1679 1172 re·

474 1190 624 1291 sponsa,
648 1197 772 1270 eadem
821 1215 940 1289 uoque
958 1214 1030 1267 non
1059 1191 1124 1270 sub
1152 1191 1298 1268 eandem
1323 1194 1368 1268 ab
1392 1189 1476 1288 ipsit
1499 1196 1681 1270 materiam

473 1309 574 1367 erant
597 1289 769 1374 collem,
792 1215 851 1364 sed
866 1313 910 1365 eo
935 1291 1059 1364 ordine
1083 1310 1271 1374 annotata,
1296 1311 1369 1386 quo
1387 1285 1451 1388 ipsi
1476 1269 1575 1365 suere
1593 1313 1680 1366 oon·

472 1385 565 1464 sulti.
617 1387 709 1464 Cum
731 1385 849 1484 itaque
874 1385 1052 1461 incidebat
1073 1387 1190 1482 aliqua
1216 1385 1416 1473 dubitatio,
1441 1382 1583 1464 difficile
1603 1406 1680 1464 erat

472 1487 509 1558 in
531 1505 629 1560 tanta
641 1479 847 1560 confusione
865 1482 1063 1579 intelligere
1085 1481 1172 1578 quid
1195 1481 1277 1558 esset
1299 1481 1525 1581 sequendum.
1575 1479 1679 1558 Deu-

473 1583 661 1656 derabatur
692 1601 807 1656 autem
845 1598 899 1654 art
924 1580 1106 1675 quaedam,
1138 1582 1237 1675 cuju
1267 1578 1315 1656 est
1346 1582 1537 1676 generatim
1557 1577 1681 1676 primd

473 1679 642 1768 tradere,
672 1677 754 1776 post
787 1673 936 1772 fingulat
968 1672 1103 1773 species
1141 1676 1342 1772 explicare,
1374 1673 1587 1774 finguiorum
1613 1677 1678 1752 de·

470 1771 674 1862 finitiones,
706 1799 726 1850 e
768 1774 961 1872 mologiat,
997 1771 1252 1870 divisionesque
1304 1795 1502 1869 reponere,
1538 1769 1698 1870 postte.

470 1875 530 1968 md
557 1893 638 1968 quae
657 1795 815 1946 incidere
838 1871 1001 1967 ambigua
1026 1869 1196 1968 possunt,
1232 1871 1266 1944 d·
1319 1871 1427 1946 lvere.
1477 1867 1583 1982 Hanc
1615 1891 1677 1945 or·

470 1971 686 2054 dinationem
709 1990 777 2062 ego
802 1987 911 2042 artem
948 1988 1066 2055 voco,
1098 1991 1180 2064 quae
1207 1965 1444 2063 cognoscendi
1469 1963 1673 2044 facilitatem

470 2063 632 2236 tuti
650 2061 1678 2236 ,lpdltstnldlil,llll‘⁰lflsnffinl⁰iil

350 2336 360 2355 ,
472 2279 529 2333 tea
544 2183 752 2366 Iglhilippd'ot
769 2253 814 2328 ab
881 2255 1006 2342 roleis,
1032 2183 1196 2332 Scdtatos
1212 2278 1232 2328 a
1247 2212 1397 2334 bucatit
1410 2253 1571 2352 separes,
1593 2257 1680 2333 suii-

470 2378 544 2456 que
569 2355 701 2430 loculis
717 2350 777 2428 dis
821 2375 892 2428 nat.
944 2347 1252 2440 Quemadmodum
1276 2354 1366 2430 vetd
1384 2355 1568 2428 hocnemo
1592 2375 1677 2452 pot·

472 2453 543 2534 est,
569 2447 631 2522 nisr
649 2450 712 2546 qui
729 2452 824 2545 ipos
841 2471 1003 2524 nummos
1020 2449 1136 2546 probd
1153 2447 1295 2535 noscat,
1318 2453 1368 2526 ita
1386 2473 1452 2526 nec
1477 2465 1587 2526 atteru
1608 2451 1633 2545 J
1635 2477 1674 2528 u·

470 2551 517 2624 ris
543 2543 690 2622 seribere
705 2543 843 2644 potest,
868 2541 930 2620 nifi
950 2547 1014 2642 qui
1028 2570 1158 2644 genera
1178 2547 1332 2622 omnium
1347 2546 1577 2644 quaestionum
1591 2551 1675 2624 arti·

469 2641 586 2719 ficiosa
603 2641 819 2718 distinctione
835 2642 951 2717 animo
967 2640 1158 2739 compledii
1172 2663 1298 2741 queat,
1323 2645 1361 2720 &
1378 2665 1460 2738 quae
1472 2641 1680 2740 Emptionie

463 2741 574 2825 suut,
599 2763 680 2838 quae
707 2738 1004 2828 ueCommodati,
1017 2743 1076 2814 vel
1091 2740 1232 2830 Mutui,
1258 2737 1329 2816 suit
1346 2739 1483 2814 sedibus
1501 2741 1585 2838 aptd
1600 2741 1670 2818 dis·
1761 2763 1764 2770 ·
1785 2755 1788 2760 '

467 2839 612 2914 tribuat.
654 2865 657 2873 ’
705 2859 751 2911 oc
792 2859 908 2912 autem
928 2837 1058 2911 dudum
1079 2833 1206 2912 latrum
1219 2835 1286 2913 eise
1305 2859 1377 2910 non
1397 2839 1558 2932 ignoras,
1584 2862 1671 2935 qua-

468 2929 677 3032 propter&
699 2931 923 3030 Digestorum
947 2931 1072 3008 usitata
1096 2931 1165 3009 suit
1183 2931 1439 3028 Jurisconsultia
1467 2933 1674 3031 inscriptio,

470 3031 566 3130 quod
585 3033 623 3105 in
639 3053 682 3105 eo
698 3031 799 3104 multi
814 3029 1026 3115 laborarint,
1049 3046 1091 3102 ut
1114 3032 1150 3102 in
1170 3032 1351 3105 meliorem
1374 3029 1535 3106 ordinem
1556 3029 1603 3104 sm
1657 3067 1670 3090 ·

305 3173 309 3180 ·
470 3131 659 3224 itsemper
674 3125 853 3202 referrent„
903 3123 987 3200 Non
1012 3121 1061 3200 est
1076 3126 1185 3223 igitur
1202 3127 1300 3225 quod
1319 3122 1425 3225 Craffi
1443 3149 1588 3297 ugeram
1605 3055 1670 3204 dd·

468 3228 627 3323 gitemus.
678 3225 746 3298 Sed
763 3222 801 3297 dr
816 3221 920 3318 ipsrus
939 3225 1093 3297 Ciceronis
1104 3245 1205 3298 aetate
1221 3229 1289 3298 hoc
1304 3222 1376 3320 jam
1392 3223 1462 3300 effe
1502 3248 1558 3298 um
1569 3246 1670 3313 etat,

497 3321 566 3397 uod
588 3321 683 3418 apud
702 3322 802 3395 illum
817 3339 937 3394 orator
959 3314 1084 3414 Ctuffltr
1103 3323 1287 3415 promittit.
1337 3317 1384 3424 Q
1410 3323 1503 3396 enim
1537 3325 1671 3398 Mutiur

470 3347 532 3516 dus
550 3415 666 3491 Civile
682 3419 872 3514 generatim
893 3417 1024 3514 primus
1048 3416 1226 3491 constitnit
1243 3417 1390 3492 authore
1415 3419 1604 3513 Pomponio,
1627 3439 1669 3498 ut

468 3515 639 3683 temporit
657 3515 822 3587 decorum
838 3513 877 3588 &
895 3509 1118 3608 personarum
1131 3510 1267 3588 secum
1291 3515 1420 3603 Cicero,
1443 3536 1488 3588 eu
1510 3515 1669 3610 incoqui

469 3612 538 3688 tbi
569 3613 596 3686 is
613 3607 806 3706 allegatur,
829 3605 1055 3704 subjunxerit.
1105 3609 1265 3698 sienim,
1284 3609 1417 3705 inquit,
1443 3611 1601 3706 autmilni
1616 3609 1667 3684 sa..

470 3732 552 3794 cere
574 3709 714 3782 licuerit
740 3705 839 3803 quod
858 3707 989 3801 jamdiu
1012 3706 1159 3802 cogito,
1192 3727 1252 3784 aut
1269 3708 1357 3782 alius
1383 3705 1582 3802 quispiam,
1607 3727 1668 3782 aut

470 3829 526 3883 me
538 3803 710 3905 impedito
726 3804 932 3900 occuparit,
962 3821 1022 3874 aut
1039 3825 1186 3878 mortuo·
1204 3801 1362 3878 effecerit
1386 3802 1457 3876 dte.
1478 3803 1672 3898 occupavit

467 3921 564 3980 terte
629 3955 637 3972 .
662 3901 812 3986 Mutius,
837 3919 877 3974 ut
903 3897 1011 3972 modo
1032 3898 1256 3994 erPumponit
1269 3899 1489 3974 ostendimus.
1514 3898 1585 3972 Sed
1600 3899 1666 3972 ini·

466 4002 517 4078 tia
532 4001 614 4094 cuju
629 4021 695 4094 que
723 3999 807 4071 artit
831 3994 934 4070 ru'dia
955 3991 1034 4068 sere
1051 3993 1149 4085 sunt,
1175 3995 1300 4093 &ipse
1319 3996 1476 4079 Staeuolu,
1500 4017 1539 4068 ut
1561 3998 1668 4070 Cicero

468 4097 658 4194 aliquando
679 4093 822 4169 testatur
829 4144 843 4181 ,
869 4088 1071 4166 Dialediicae
1084 4090 1153 4164 suit
1167 4093 1371 4189 imperitus,
1391 4115 1460 4187 qua
1474 4095 1667 4168 artemtxi·

468 4191 528 4270 md
548 4214 639 4287 opus
658 4187 709 4264 est
728 4190 773 4264 ad
792 4190 1018 4284 redigendam
1036 4189 1072 4260 in
1092 4211 1201 4263 artem
1218 4189 1323 4262 aliam
1342 4189 1571 4283 disciplinam,
1594 4187 1666 4262 lta·

468 4313 539 4388 que
561 4289 621 4384 qui
642 4309 722 4376 eum
739 4284 846 4362 secuti
861 4285 959 4371 sunt,
973 4281 1166 4360 ,studiosius
1188 4285 1274 4359 inid
1292 4283 1538 4359 incubuerunt
1564 4281 1667 4377 Quo

468 4407 546 4460 rum
570 4405 610 4458 ut
632 4405 796 4460 conatum
821 4381 1003 4480 adjuvaret
1026 4381 1152 4472 Cicero,
1184 4378 1321 4478 scripsit
1345 4381 1448 4453 etiam
1473 4380 1601 4454 librum
1620 4383 1667 4456 do

468 4479 554 4580 Jure
570 4479 732 4562 Civil'tin
754 4499 863 4560 artem
891 4479 1102 4652 redigeudss,
1126 4476 1226 4578 cujus
1244 4497 1335 4580 puto
1356 4476 1567 4554 mentionem
1590 4475 1669 4648 fiendi

920 4625 928 4638 ·
1036 4585 1048 4602 '
1108 4593 1130 4673 3
1567 4593 1638 4672 apu
