4742 5814
666 558 1015 754 nr‘vroutlt
1042 641 1112 716 tu
1139 617 1404 722 Arrun
1433 603 1817 728 zutctsulut

498 841 672 986 3513,
962 850 1473 1004 aursroun
1532 849 1617 946 o·

499 1000 554 1064 iol.
575 1017 623 1073 51.

671 1177 677 1188 a
832 1073 1165 1172 PETRO
1224 1075 1702 1173 BAUSANO.

439 1271 441 1277 Α
530 1335 635 1410 1537.
675 1245 844 1386 Nimius
871 1320 897 1376 a
926 1288 976 1411 se
1005 1288 1142 1378 laudes
1159 1286 1271 1489 [εἳίὀ
1298 1289 1483 1490 rogellim
1511 1318 1558 1380 ac
1588 1257 1776 1403 moddiiae
1804 1243 1873 1379 ¹ert·

1123 1426 1301 1520 emptam
1323 1432 1346 1489 e
1372 1425 1415 1492 rt.

768 1633 829 1708 On
857 1630 922 1704 alili
946 1633 1110 1717 ratione,
1143 1627 1364 1706 Ornarilstme
1388 1631 1434 1706 D.
1461 1631 1584 1720 Perre,
1615 1631 1659 1704 ab
1689 1629 1874 1712 scribendo

791 1753 846 1804 tue
864 1731 972 1823 magis
999 1727 1173 1802 deterrere
1192 1749 1354 1824 poteras:
1379 1727 1481 1824 quam
1500 1727 1572 1824 qud
1594 1751 1707 1823 nuper
1725 1727 1804 1802 usus
1826 1756 1874 1808 es.

678 1829 755 1904 Tot
774 1826 921 1902 enimin
941 1845 998 1898 me
1019 1826 1139 1900 laudes
1158 1827 1372 1914 accumulas,
1396 1845 1436 1897 ut
1457 1847 1570 1920 neque
1591 1822 1743 1900 frontem
1760 1850 1875 1942 neque

677 1927 848 2003 alamum
868 1941 989 1994 tenere
1005 1942 1141 2020 queam.
1180 1919 1409 2019 Nimiumque
1423 1922 1511 1996 milti
1522 1918 1596 2016 ipse
1611 1921 1778 2018 displiceo
1795 1946 1877 1998 cum

677 2025 743 2099 mei
772 2016 851 2095 sum‘
863 2017 1021 2108 intueor,
1046 2042 1088 2093 ac
1103 2018 1210 2090 video
1224 2039 1393 2114 quantum
1409 2021 1451 2094 ab
1471 2018 1538 2112 illis
1558 2021 1628 2093 tuis
1647 2017 1878 2116 hyperbolis,

678 2045 807 2218 quibus
823 2115 967 2190 nimium
979 2137 1039 2204 *me
1063 2115 1222 2202 extollis,
1247 2114 1364 2188 absum
1371 2167 1383 2202 ,
1409 2117 1581 2210 &pudet
1607 2139 1661 2189 tue
1689 2117 1779 2192 aded
1804 2119 1878 2194 e'us

679 2214 870 2292 dissimilem
892 2209 977 2294 elle,
1003 2233 1106 2306 quem
1130 2235 1169 2286 tu
1189 2235 1244 2290 tue
1262 2214 1382 2288 inillis
1408 2213 1517 2286 literis
1543 2207 1640 2285 facis.
1674 2213 1782 2288 Certd
1798 2238 1878 2289 cum

680 2332 720 2386 tu
742 2310 941 2384 eonomine
967 2308 1081 2382 literas
1109 2331 1201 2382 meas
1224 2329 1260 2382 te
1283 2307 1475 2383 defiderare
1505 2307 1652 2396 scribas,
1678 2313 1771 2404 quod
1794 2311 1878 2402 inde

680 2409 852 2506 quandam
868 2405 1006 2480 haurire
1025 2426 1059 2478 te
1078 2404 1173 2502 polle
1192 2401 1384 2479 doctrinam
1403 2425 1575 2480 autumes:
1601 2428 1673 2478 non
1688 2410 1794 2481 modd
1812 2407 1879 2482 tibi

681 2503 747 2602 ipfi
769 2503 948 2598 imponis,
984 2499 1064 2576 edm
1090 2503 1158 2575 tale
1184 2501 1270 2574 nihil
1296 2525 1389 2576 ame
1410 2500 1566 2596 praestari
1594 2524 1728 2597 queat,
1757 2503 1879 2578 vertitu

681 2602 782 2678 etiam
808 2623 863 2673 me
883 2596 1103 2672 solicitudine
1119 2597 1266 2693 quddam
1290 2621 1426 2692 gravas.
1476 2595 1572 2670 Nam
1597 2595 1676 2672 citor
1701 2620 1737 2673 te
1762 2625 1802 2676 ea
1822 2623 1881 2675 ex·

711 2699 823 2771 celare
844 2717 888 2767 ex
905 2697 1016 2768 literis
1039 2696 1126 2768 meis
1152 2695 1255 2768 sciam
1279 2717 1360 2789 quae
1387 2693 1549 2790 praestare
1567 2717 1638 2766 non
1660 2694 1814 2792 pullum:
1840 2695 1881 2770 st·

680 2723 756 2870 fere
774 2792 899 2868 deiude
916 2791 1112 2865 tutilltmum
1130 2789 1195 2866 elle
1218 2809 1319 2886 puto.
1370 2791 1444 2863 Aut
1468 2810 1505 2863 tu
1524 2790 1632 2886 igitur
1678 2791 1797 2866 osthac
1812 2793 1882 2868 istis

680 2888 942 2968 laudationibus
966 2888 1118 2972 abstine,
1144 2907 1203 2962 aut
1227 2911 1319 2961 meas
1333 2888 1465 2963 litteras
1482 2911 1527 2962 ne
1545 2910 1635 2985 expe
1673 2912 1702 2963 a.
1737 2885 1809 2964 Res
1822 2913 1883 2963 au·

681 3010 754 3064 tem
775 2984 838 3061 ista
854 2985 1069 3082 postulabat,
1094 3005 1134 3058 ut
1152 2983 1312 3086 pluribus
1325 2985 1493 3081 judicium
1510 2985 1598 3058 iliud
1614 3006 1732 3074 tuum,
1757 2989 1816 3062 vel
1832 2985 1883 3060 af·

681 3083 813 3161 fetrum
838 3084 956 3179 potius
983 3079 1197 3170 refellerent,
1222 3079 1279 3155 sed
1301 3080 1407 3155 babet
1429 3081 1555 3152 &boc
1583 3083 1779 3156 ambitionis
1806 3082 1883 3180 spe·

683 3185 784 3259 ciem.
845 3177 964 3270 Quum
985 3173 1072 3253 v'ero
1100 3203 1164 3253 nos
1187 3179 1331 3276 antiqua
1357 3173 1469 3274 juniii
1494 3175 1595 3249 fimus
1620 3180 1801 3268 amicitiai,
1833 3181 1882 3256 mi

682 3283 804 3363 Petro,
828 3278 915 3371 quid
938 3296 1027 3368 opus
1046 3295 1140 3363 erat,
1166 3295 1200 3349 te
1223 3279 1292 3348 tale
1307 3297 1463 3370 quaerere
1482 3277 1757 3368 argumentum?
1782 3277 1882 3351 Prio-

682 3398 737 3450 res
760 3371 842 3448 sand
868 3374 995 3446 litterae
1012 3391 1100 3459 tuae,
1125 3373 1252 3468 quibus
1271 3391 1429 3447 veretum
1446 3373 1635 3445 amicorum
1658 3397 1699 3446 ac
1715 3372 1883 3447 sodalium

683 3471 885 3548 memoriam
906 3467 1107 3562 refricuisti,
1132 3471 1243 3542 multo
1258 3463 1343 3541 nnln
1358 3469 1528 3562 gratiores
1546 3463 1645 3542 fuere
1663 3470 1747 3544 illis.
1763 3470 1885 3544 Proin·

557 3573 559 3578 ’
685 3567 794 3644 dede
815 3563 886 3640 istis
912 3567 1025 3638 multo
1051 3568 1167 3638 malim
1192 3586 1229 3638 te
1253 3563 1386 3661 aliquid
1414 3563 1561 3658 posthac
1579 3562 1751 3648 scribere,
1777 3568 1884 3665 quim

684 3665 730 3744 de
750 3688 819 3740 me.
868 3659 927 3738 De
948 3659 1080 3738 foedere
1103 3658 1168 3734 isto
1193 3659 1267 3757 (ι)
1291 3663 1328 3734 in
1344 3661 1460 3734 medio
1481 3684 1597 3734 rerum
1611 3659 1761 3738 succellu
1804 3667 1883 3740 adio

685 3761 791 3838 valde
807 3759 923 3835 somus
943 3760 1113 3833 admirati.
1144 3755 1217 3830 Sed
1234 3759 1362 3854 vulgus
1382 3760 1590 3854 plerumque
1604 3759 1753 3854 ignorat.
1777 3689 1808 3832 β

683 3858 787 3935 Deus
801 3859 879 3930 istas
896 3853 1053 3928 inducias
1078 3875 1175 3929 tanto
1199 3851 1321 3930 nostris
1338 3853 1404 3928 elle
1428 3856 1582 3930 utiliores
1609 3877 1743 3950 quanto
1769 3859 1885 3932 minus

683 3951 837 4033 honeste
852 3951 1026 4030 videntur.
1073 3951 1131 4024 Ex
1150 3950 1249 4028 Italid
1264 3948 1343 4024 satis
1360 3953 1440 4028 laeta
1458 3952 1678 4028 nunciantur.
1728 3953 1885 4064 Turcatn

1847 4071 1886 4126 m

1809 3759 1883 3834 axit

729 4231 745 4318 (
756 4228 797 4313 1)
817 4225 868 4296 De
905 4227 997 4295 odere
1017 4225 1091 4312 islo]
1115 4175 1274 4312 intellige
1295 4225 1341 4322 de
1363 4227 1513 4325 induciis
1527 4169 1769 4294 decennalibus
1789 4223 1883 4292 inter

686 4314 833 4414 (larrium
888 4362 897 4380 .
918 4311 955 4382 dt
975 4309 1162 4410 Frannsnrm
1183 4311 1210 4409 Ι,
1229 4309 1336 4395 pastis
1357 4309 1449 4398 apud
1468 4311 1632 4382 Nireum,
1653 4307 1777 4373 urbem
1797 4308 1881 4376 Pro-

684 4397 1044 4568 {ineluibcffinuct
1062 4395 1241 4468 Sabaudtae
1268 4407 1380 4482 paret.
1425 4389 1466 4468 V.
1486 4391 1575 4462 Pon.
1595 4389 1693 4460 Hert.
1719 4409 1770 4458 rer
1787 4392 1881 4480 aussr.
