4882 5804
590 635 598 670 ι
630 567 827 678 lll’ls'r.
855 561 1162 670 SELECTAE
1188 528 1258 664 au
1284 566 1616 682 ulvmtsos.
1649 609 1734 708 195

527 778 628 880 elpes
651 774 842 888 dignitate:
861 773 911 850 'dr
937 765 1188 884 magistram„
1221 793 1412 944 procerum
1442 775 1584 890 suorum
1606 785 1737 952 patim

523 880 636 976 quim
658 892 802 948 virtutis
828 871 1131 945 commendamur
1153 893 1220 944 cun
1239 892 1366 947 erant:
1391 877 1464 952 und
1485 898 1582 952 viros
1631 879 1733 958 odio:

525 977 737 1073 plerumque
765 967 990 1054 aversentur,
1015 989 1082 1040 uec
1105 967 1214 1042 uelint
1240 968 1439 1064 agnoscere.
1489 972 1640 1052 Revoco
1658 979 1731 1074 jam

525 1071 718 1153 calatium,
745 1065 783 1140 dt
807 1063 1034 1158 querimouiae
1047 1061 1157 1136 finem
1176 1063 1280 1138 facio.
1306 1066 1411 1140 Unus
1427 1069 1512 1142 mibi
1531 1071 1656 1168 Vtglt'at
1676 1075 1730 1150 in-

524 1167 795 1243 starmultorum
813 1158 881 1234 est:
908 1161 971 1255 qui
994 1156 1142 1234 Caesaris
1165 1159 1273 1257 iplius
1288 1159 1482 1257 spontaneo
1502 1163 1627 1243 favore
1643 1192 1728 1265 pro·

521 1285 640 1340 motu:
656 1261 716 1337 eli
766 1255 1076 1340 Subintellextram
1100 1258 1283 1332 haedere
1306 1257 1422 1335 nescio
1443 1260 1527 1356 quid
1550 1265 1603 1338 ab·
1615 1267 1728 1341 Heda-

520 1384 556 1435 η
579 1357 653 1458 (t)
677 1349 802 1433 verbm
820 1375 891 1428 tuae
910 1354 1024 1427 lite'rae
1045 1353 1162 1426 omnia
1175 1351 1368 1448 copioiius,
1393 1362 1567 1453 apertius,
1590 1363 1728 1457 elegan-

520 1458 592 1532 tius
619 1453 851 1551 explicarunt.
901 1449 1050 1542 Rupilias
1076 1452 1091 1539 (
1103 1447 1150 1559 a)
1176 1445 1257 1524 etim
1278 1474 1414 1546 paucos
1436 1447 1509 1528 die's
1531 1455 1591 1531 bic
1610 1453 1726 1538 furiet

518 1551 705 1629 Patavium
732 1544 892 1622 reversus
918 1543 978 1619 est.
1035 1543 1203 1634 Verttua,
1239 1549 1396 1641 opinor,
1431 1551 1509 1641 est,
1542 1577 1587 1628 ne
1610 1575 1722 1630 morte

516 1649 634 1726 Ducit
650 1647 677 1722 S
709 1645 779 1718 raia
798 1643 927 1740 aliquia
940 1643 1111 1716 rummtut
1129 1639 1359 1718 suboriretur:
1384 1667 1466 1718 cum
1483 1666 1596 1724 tamen
1617 1673 1723 1748 paca·

512 1745 633 1824 tuum:
703 1741 864 1816 tomuia.
917 1737 1017 1812 Hinc
1034 1736 1187 1823 saelum,
1210 1758 1250 1811 ut
1271 1740 1315 1814 ab
1337 1762 1382 1813 eo
1399 1742 1487 1816 nihil
1505 1744 1550 1818 de
1571 1747 1720 1843 dignita-

512 1844 559 1919 tis
574 1860 644 1920 tua
668 1835 855 1914 auceffioue
868 1837 1046 1933 potuerim
1070 1833 1276 1930 intelligere.
1326 1835 1438 1926 Quod
1464 1839 1718 1936 minitarier,

513 1959 556 2018 ut
569 1957 714 2017 caeterae
736 1932 994 2008 lucubrationes
1016 1953 1111 2004 meas
1128 1931 1228 2006 edam
1239 1981 1252 2020 ,
1277 1953 1367 2008 neve
1381 1939 1455 2030 ejus
1474 1935 1642 2014 haereseos
1659 1966 1718 2018 tx·

512 2029 1123 2209 iiiiiimaililil'i
1141 2031 1719 2220 iilciimlialillipi

513 2224 672 2340 quaest,
695 2244 768 2296 uon
781 2221 900 2318 magui
918 2217 1037 2294 facio:
1058 2219 1120 2314 qul
1134 2219 1295 2294 abortiva
1305 2223 1463 2318 quaedam
1478 2227 1582 2300 etiam
1599 2184 1718 2306 edide-

511 2347 580 2404 nm
592 2374 605 2411 ,
630 2319 747 2420 qualia
763 2315 844 2391 sunt
860 2339 944 2412 quae
962 2313 1113 2390 imberbi
1137 2317 1308 2391 exciddre.
1335 2317 1411 2392 Cur
1425 2343 1531 2416 ergo,
1555 2324 1714 2420 inquiet,

508 2420 643 2502 tamdiu
667 2413 773 2491 uobis
794 2413 930 2490 invides
960 2411 1001 2481 tui
1018 2404 1194 2505 litigem?
1222 2410 1310 2488 Non
1338 2435 1410 2489 uua
1428 2416 1476 2489 est
1502 2421 1603 2494 ratio.
1652 2421 1716 2500 Illa

509 2539 626 2596 nmen
648 2511 844 2612 potiffima,
877 2509 1020 2606 quoda
1043 2529 1099 2582 me
1130 2509 1169 2580 iu
1196 2511 1360 2604 angulum
1384 2509 1509 2607 rejedia
1533 2539 1641 2613 atque
1664 2519 1715 2596 se·

509 2613 643 2716 polita,
666 2606 793 2686 resumi
809 2608 847 2680 iu
864 2623 986 2680 mutua
1012 2605 1268 2704 nequiverunt:
1293 2610 1391 2704 quod
1418 2615 1712 2708 occupationibus

508 2707 758 2798 tribuendum,
783 2725 863 2802 quae
881 2703 968 2776 mihi
991 2702 1052 2776 hic
1068 2699 1177 2797 longi
1202 2700 1280 2776 suut
1302 2707 1468 2800 majores,
1495 2711 1599 2805 quim
1619 2733 1712 2790 trans

507 2811 620 2908 Alpes
644 2821 753 2879 erant.
801 2799 907 2874 Adde
931 2799 1029 2897 quod
1055 2821 1205 2883 vereor,
1236 2821 1279 2873 ne
1300 2797 1325 2872 fi
1348 2799 1512 2878 advtribs
1532 2809 1711 2904 Agathini:
1749 2881 1751 2888 Α

508 2921 726 3005 praeoeptum
756 2891 948 2984 faciamus,
991 2893 1149 2989 illudque
1181 2895 1393 2972 dixerimus:
1432 2897 1534 2989 alpe
1560 2903 1705 2999 eu'gegpt

514 3007 594 3099 lep·
624 3003 662 3074 ὅς
678 2991 850 3116 ustipula:
888 2988 1125 3112 eonseqpens‘
1142 3013 1289 3089 quoque
1325 2994 1414 3068 illud
1457 2996 1501 3072 fit
1535 3021 1576 3076 ut
1614 3003 1711 3080 dica-

507 3087 1248 3294 iliqliii'lti‘iil‘iiiiii
1277 3085 1733 3298 limittit:

507 3294 612 3370 lefflo
633 3315 710 3368 mea
738 3283 948 3374 «prelatio,
973 3302 1045 3357 uon
1072 3283 1220 3377 qualiter
1244 3302 1282 3354 tu
1306 3283 1459 3379 accipis,
1481 3288 1539 3364 sed
1557 3296 1709 3386 qualiter

507 3392 545 3466 iu
567 3390 706 3464 ludicro
735 3383 867 3478 Virgilii
897 3377 956 3452 est.
1006 3383 1065 3452 De
1094 3381 1187 3452 rebus
1219 3399 1306 3452 vero
1340 3383 1487 3472 creditis,
1519 3389 1705 3464 Verborum·

509 3512 565 3582 quc
583 3483 840 3581 obligationibus,
871 3477 938 3551 alia
960 3497 1104 3572 quoque
1125 3474 1215 3547 ratio
1232 3495 1289 3547 me
1308 3473 1483 3565 deterret,
1504 3505 1548 3558 ne
1566 3484 1706 3562 Amiso·

507 3581 631 3680 phistis
654 3583 721 3656 tela
744 3572 906 3649 adversus
923 3595 979 3646 me
993 3573 1190 3668 praebeam:
1217 3593 1260 3643 rte
1274 3568 1457 3661 seruituti,
1481 3575 1506 3649 fi
1523 3601 1604 3675 quae
1618 3605 1706 3658 ven·

505 3702 581 3755 tura
605 3673 680 3766 est,
701 3672 853 3770 quietem
877 3669 986 3740 otium
1012 3691 1057 3742 ue
1082 3661 1268 3741 aufferam:
1299 3690 1364 3755 ne,
1388 3668 1470 3744 etim
1497 3676 1613 3748 omnia
1637 3701 1704 3772 pu.

504 3777 597 3851 blica
620 3769 803 3854 effecero,
836 3763 923 3837 nihil
945 3691 1017 3859 ipde
1039 3761 1205 3871 privatim
1230 3763 1397 3839 habeam:
1430 3789 1473 3840 ne
1495 3769 1702 3864 juvenibus,

503 3876 633 3970 quiex
663 3867 835 3944 seniorum
859 3859 991 3934 invidia
1017 3859 1201 3953 gtorrolam
1227 3881 1473 3955 aucupantur,
1507 3864 1545 3938 dt
1565 3869 1725 3966 vipera.

500 3994 578 4047 rum
596 3989 692 4041 mort
707 3957 911 4062 patentibus
927 3951 1061 4029 exitiosi
1076 3952 1175 4044 suut,
1198 3954 1277 4028 dem
1302 3980 1375 4054 quo
1399 3963 1588 4054 genuinum
1610 3962 1703 4040 fran-

1597 4082 1701 4158 gant:

516 4295 518 4302 ,
544 4218 611 4317 (ι)Ι
631 4211 781 4300 Herae]
802 4205 998 4288 Humido,
1027 4202 1160 4290 dequo
1181 4205 1287 4290 alibi,
1319 4205 1356 4275 dr
1383 4207 1553 4295 fi‘gnanter
1572 4217 1608 4282 in
1629 4231 1703 4288 not⁴

503 4305 685 4472 {dgbtalird
704 4293 1019 4468 1dits}Ililrancil'cus
1026 4419 1040 4459 ,
1060 4374 1105 4442 de
1127 4393 1197 4458 quo
1219 4375 1353 4458 pariter
1374 4371 1508 4464 iaepius.
1521 4381 1565 4452 V,
1579 4381 1624 4454 ad
1641 4382 1704 4456 vi.

501 4483 573 4545 taur
590 4466 639 4543 N'.
729 4467 774 4540 11.
793 4463 838 4535 ad
858 4481 891 4552 4.
911 4474 996 4530 torn.
1020 4479 1050 4527 1.
1069 4473 1152 4618 ppgb
1172 4475 1228 4615 3⁹¹4.
