4680 5828
568 615 765 714 EPIST.
796 608 1102 712 SELECTAE
1128 633 1195 700 nu
1222 605 1555 712 DIVERSOS.
1621 647 1679 742 43

472 824 560 878 nere
576 801 744 894 auderes,
768 823 815 876 an
836 820 983 874 uxorem
1009 791 1253 872 illicoblatam
1276 791 1405 872 debeas
1432 798 1616 896 accipere,
1641 803 1681 878 id

474 895 545 984 est,
557 921 600 972 an
614 921 681 998 pro
702 899 802 974 brevi
815 897 937 972 laetitia
951 889 1192 989 sempiternam
1202 887 1422 983 servitutem,
1432 893 1680 989 ignominiam,

471 995 611 1086 matris,
635 997 817 1085 avunculi,
842 991 1195 1165 prtipinquorumque
1226 988 1409 1078 omnium,
1441 993 1679 1071 immedicabi-

469 1093 606 1188 lemque
626 1090 784 1168 dolorem
807 1090 872 1166 tibi
910 1110 1022 1185 ponte
1042 1083 1206 1162 accersas·
1256 1083 1375 1159 Alium
1395 1110 1535 1183 quaere,
1559 1089 1586 1166 si
1610 1093 1676 1167 tibi

468 1185 587 1266 adbuc
608 1187 809 1265 adlubescat
831 1186 894 1260 ista
918 1182 1066 1270 insania,
1091 1185 1154 1279 qui
1171 1180 1235 1256 tibi
1261 1185 1334 1280 eJ‘us
1354 1179 1396 1255 sit
1420 1185 1559 1264 author.
1611 1191 1675 1264 Vi·

462 1285 552 1380 ;glr‘us
581 1307 762 1384 nunquam
784 1283 971 1371 suadebit,
995 1303 1061 1358 nec
1084 1279 1297 1368 committet,
1320 1297 1360 1353 ut
1383 1299 1447 1354 tuo
1471 1281 1509 1354 in
1524 1283 1675 1380 prasen-

461 1373 520 1462 'oa
537 1378 682 1458 affeout
705 1380 922 1478 obsequens,
944 1372 1181 1473 inposterum
1207 1397 1279 1449 non
1302 1374 1374 1452 fine
1392 1378 1477 1453 diris
1504 1381 1673 1550 imlpreca·
1722 1395 1728 1406 “

470 1477 627 1552 tionibus
645 1479 713 1555 tale
735 1476 917 1553 confilium
933 1479 966 1552 ei
982 1472 1182 1569 exprobres.
1207 1469 1310 1562 Quin
1327 1493 1367 1550 tu
1378 1477 1518 1569 potius,
1582 1477 1674 1553 benc

468 1573 535 1648 tibi
551 1572 746 1688 cpnsultum
768 1575 891 1686 cupis,
914 1573 985 1682 buc
1004 1571 1050 1645 ad
1066 1588 1132 1646 nos
1155 1566 1298 1682 sestina,
1322 1589 1430 1666 atque
1453 1571 1499 1681 in·
1514 1593 1674 1650 veterum

412 1825 416 1832 .
467 1689 1033 1846 sfflffliiffiiiiif
1041 1663 1259 1861 assisis
1277 1689 1673 1844 sanissimi

468 1863 545 1940 Cur
559 1887 643 1962 ergo
663 1889 729 1940 nos
755 1867 874 1940 ludis?
900 1863 958 1938 An
982 1882 1088 1961 putas
1110 1860 1171 1936 lrsc
1199 1860 1265 1935 tibi
1286 1856 1407 1934 defore
1431 1861 1538 1956 digna
1555 1862 1674 1940 erudi·

467 1961 562 2034 tione
579 1981 640 2035 tua
662 1955 838 2058 praemia?
876 1957 936 2034 An
958 1981 1135 2054 nunquam
1156 1957 1312 2052 cogitas,
1338 1953 1442 2066 quim
1467 1956 1532 2031 tibi
1550 1957 1672 2034 fideles
1706 2048 1713 2058 ι

467 2053 570 2128 simus
581 2107 594 2144 ,
606 2057 644 2132 &
658 2055 764 2150 quim
776 2055 929 2150 benigne
940 2056 1057 2130 omnia
1074 2051 1191 2127 nostra
1206 2073 1460 2127 communicare
1472 2047 1672 2131 soleamus?

469 2150 558 2224 Hoc
571 2153 637 2228 tibi
655 2153 757 2238 dico;
773 2149 799 2226 sr
813 2153 850 2225 in
865 2172 1023 2248 tempore
1037 2147 1248 2231 advenisses,
1274 2146 1424 2245 pulchrd
1440 2171 1505 2224 nos
1520 2151 1689 2250 potuisse,

470 2247 600 2320 honori
622 2267 707 2335 tuo,
732 2269 804 2322 non
837 2245 910 2323 fine
939 2249 1120 2324 luculento
1145 2247 1245 2319 lucro
1258 2295 1272 2336 ,
1297 2243 1484 2321 consulere.
1536 2245 1671 2326 Omnes

467 2361 584 2418 autern
601 2365 646 2418 ex
661 2343 776 2422 nostra
790 2345 931 2419 natione
952 2365 988 2418 te
1016 2338 1270 2440 expettabant,
1294 2362 1398 2438 teque
1417 2343 1580 2420 omnibus
1596 2345 1672 2422 offi-

467 2440 532 2516 ciis
550 2442 726 2514 cumulare
747 2445 988 2517 decreverant.
1037 2437 1107 2515 Sed
1130 2440 1215 2514 dum
1243 2437 1317 2512 illic
1336 2458 1469 2513 amores
1486 2443 1548 2519 alis
1566 2461 1669 2532 tuos,

467 2533 586 2613 &nos
605 2538 644 2614 in
659 2535 820 2635 perfidiae
831 2534 893 2612 sus
911 2538 1060 2614 icionem
1079 2534 1242 2626 deducis,
1267 2533 1331 2632 qui
1345 2533 1389 2609 de
1406 2555 1442 2610 te
1457 2540 1566 2616 multa
1607 2562 1670 2614 rae·

468 2634 649 2724 dicantess,
673 2633 842 2733 spemque
861 2561 1032 2710 asventus
1055 2633 1106 2708 tui
1129 2628 1330 2742 facientes,
1354 2629 1463 2744 lusisse
1488 2637 1548 2710 vel
1572 2563 1672 2712 sisel-

466 2727 540 2804 lisse
552 2731 634 2807 illos
651 2732 819 2807 videmur.
868 2729 998 2805 Adhuc
1015 2747 1130 2804 autem
1154 2723 1180 2800 si
1201 2747 1359 2818 veneris,
1379 2730 1495 2826 allqua
1517 2729 1594 2828 spes
1615 2731 1671 2808 su·

466 2824 595 2922 peresi„
646 2827 800 2902 Hernicus
826 2828 919 2902 eninr
942 2827 1076 2912 noster,
1100 2823 1200 2920 cujus
1223 2847 1307 2920 erga
1324 2844 1359 2898 te
1383 2825 1532 2902 studium
1550 2827 1587 2904 ἃ
1605 2851 1670 2907 vo-

466 2925 636 2997 luntatem
652 2945 723 2998 non
741 2925 898 3020 ignoras,
924 2920 1146 2998 Consniarius
1163 2919 1210 2995 est
1229 2920 1272 2994 ab
1288 2923 1427 2994 natione
1442 2921 1558 2999 nostra
1576 2950 1670 3003 crea·

467 3039 544 3107 tus,
568 3019 665 3117 isque
691 3023 839 3096 multum
867 3018 931 3095 tibi
956 3013 1115 3114 prodesse
1142 3016 1277 3113 potest,
1303 3013 1329 3090 si
1351 3015 1495 3113 publice
1509 3021 1669 3116 profiteri

467 3116 746 3213 lubet,ci1mque
764 3120 808 3194 de
823 3140 866 3192 eo
886 3137 965 3190 cunr
978 3112 1126 3190 illosum
1145 3115 1366 3203 collocutus,
1390 3111 1476 3190 fecit
1493 3119 1578 3191 mihi
1594 3121 1669 3214 ple·

461 3213 630 3287 ¹'nissinram
644 3213 748 3287 fidern
757 3213 886 3304 ,modo
901 3211 1102 3298 adveneris,
1114 3229 1256 3297 centum
1271 3208 1305 3282 se
1316 3233 1502 3288 coronatos
1514 3213 1585 3306 (5)
1605 3214 1670 3289 tibi

458 3309 755 3405 ¹impetraturum,
785 3310 914 3405 idque,
942 3305 1005 3382 nist
1028 3303 1203 3392 effecerit,
1226 3303 1421 3381 soluturum
1443 3305 1478 3383 se
1504 3309 1667 3396 affirmat,
1792 3297 1804 3324 “

469 3403 541 3479 hoc
563 3404 663 3478 &ex
687 3403 790 3504 ipsius
819 3403 964 3501 epistola
990 3400 1189 3498 cognosces.
1237 3402 1406 3476 Privatim
1429 3404 1559 3480 verofi
1583 3419 1668 3502 ope·

467 3521 543 3574 ram
566 3503 715 3596 aliquam
743 3501 945 3595 impendere
966 3499 1084 3574 amicis
1116 3495 1338 3598 studiosisque
1368 3501 1477 3585 velis,
1509 3526 1582 3576 non
1608 3505 1669 3576 de·

458 3605 575 3671 'erunt
598 3599 697 3672 alteri
720 3619 869 3671 centum.
919 3595 1158 3692 Quamobrem
1183 3592 1320 3688 quaeso,
1345 3595 1393 3667 mi
1406 3595 1534 3683 Corole,
1557 3597 1668 3692 abjice

426 3711 428 3716 ’
469 3696 621 3768 animum
636 3714 656 3767 a
672 3693 819 3790 nuptiis,
845 3711 948 3789 atque
967 3695 1039 3768 huc
1062 3711 1098 3766 te
1119 3712 1223 3786 quarn
1243 3689 1395 3764 citissime
1414 3689 1546 3766 confer.
1578 3693 1667 3770 Hoc

457 3790 595 3864 iterum
615 3807 719 3884 atque
741 3790 869 3863 iterum
891 3811 1009 3886 rogo,
1045 3785 1184 3861 simam
1210 3782 1378 3874 salutem,
1410 3786 1562 3874 sarnam,
1587 3787 1666 3866 site

466 3885 600 3981 ipsum,
626 3885 651 3959 sr
670 3885 807 3982 Vtgliron
824 3907 929 3960 amas.
961 3883 1107 3980 Rupilius
1118 3879 1232 3954 noster
1250 3881 1299 3957 est
1308 3877 1487 3972 Veneriis,
1501 3885 1603 3960 brevi
1619 3887 1666 3960 ad

459 4003 533 4057 ‘nos
556 3984 737 4057 rediturus.
786 3981 843 4060 Ab
861 3979 991 4076 Erosmo
1006 3981 1108 4054 nonis
1122 3977 1225 4071 hujus
1248 3973 1368 4050 mensis
1384 3981 1506 4074 accepi
1525 3981 1665 4070 literas,

467 4081 498 4153 is
517 4077 687 4178 fignificat
700 4077 735 4153 se
753 4077 909 4154 nondum
923 4073 1078 4153 habuisse
1095 4071 1301 4150 tabularium
1322 4094 1363 4146 ut
1381 4074 1425 4148 ad
1442 4095 1477 4148 te
1502 4074 1665 4154 rescribe·

1490 4244 1496 4258 ,
1589 4195 1663 4264 ret,

454 4371 460 4382 ·
504 4349 569 4436 (5)
593 4342 724 4420 Centum
743 4349 915 4435 comnotus]
938 4343 1032 4417 Alibi
1049 4343 1192 4422 scribit,
1210 4337 1367 4438 Venetos
1381 4342 1423 4409 ‘in
1434 4341 1664 4432 professorum

461 4431 707 4502 Patavinorum
727 4431 935 4513 honoraria,
957 4433 1036 4504 osto
1055 4430 1263 4500 ducatorum
1286 4425 1381 4498 milia
1397 4427 1546 4516 erogasse
1563 4443 1664 4517 quot·

461 4521 568 4588 annis.
611 4518 694 4589 Turn.
715 4535 748 4588 a.
764 4533 801 4605 p.
819 4524 873 4602 58.
1017 4571 1032 4628 Ι.
1097 4581 1176 4678 Η.
1375 4571 1376 4574 ,
1606 4563 1609 4572 ι
