4742 5814
700 637 1048 768 244V1GL11
1082 661 1151 732 nn
1181 637 1450 734 AYTTA
1480 637 1871 737 ZUICHEMl

702 842 808 898 aetate
833 819 948 894 facere
974 818 1060 892 mihi
1089 816 1276 894 videberis.
1324 815 1398 892 Sed
1427 815 1610 914 praecipue
1636 815 1816 892 Terentium
1840 821 1908 898 tibi·

704 914 946 999 commendo,
979 915 1151 1010 optimum
1177 937 1284 1010 atque
1307 913 1565 988 amoenisiimum
1600 915 1768 1009 loquendi
1800 919 1907 1014 magi·

696 1015 822 1096 lirum.
873 1011 1001 1086 Tertio
1017 1016 1099 1085 loco
1120 1009 1289 1085 scribendi
1305 1010 1403 1085 usum
1422 1029 1530 1107 atque
1548 1012 1833 1085 exercitationem
1850 1017 1910 1088 de·

703 1109 874 1198 fidenati,
900 1109 994 1180 unde
1012 1111 1200 1180 maximum
1217 1104 1395 1204 profestos
1411 1104 1588 1201 specimen
1616 1109 1799 1201 accipitur.
1838 1109 1908 1184 Ita·

704 1231 774 1318 que
792 1231 832 1279 ea
851 1229 932 1302 pars
959 1203 1182 1277 institutionis
1208 1205 1302 1276 haud
1326 1205 1389 1277 tibi
1415 1205 1508 1298 negli
1534 1202 1623 1278 enda
1649 1205 1725 1276 erit.
1775 1202 1908 1282 Princi·
2037 1221 2045 1236 ·

733 1325 767 1376 ιο
796 1305 914 1388 verb,
947 1302 1021 1396 qud
1050 1301 1118 1373 und
1149 1300 1345 1396 eademque
1364 1301 1477 1396 operi
1566 1301 1658 1372 inam
1683 1299 1721 1374 δι
1751 1297 1908 1378 italicam

704 1326 879 1493 f
896 1391 1909 1590 infestaret,llamelrtollllr,rins

628 1635 631 1640 ,
707 1613 796 1689 quot
812 1591 969 1686 quotidie
988 1589 1103 1663 versus
1132 1588 1262 1664 Latine
1288 1589 1354 1662 tibi
1379 1590 1536 1665 reddere.
1587 1588 1628 1664 ld
1655 1592 1822 1682 quoniam
1846 1593 1911 1668 ini·

708 1693 761 1765 tid
787 1691 836 1761 illi
861 1689 927 1761 erit
952 1686 1111 1771 difficile,
1137 1709 1177 1758 tu
1206 1709 1400 1782 perunum
1428 1682 1577 1760 mensem
1592 1708 1671 1759 eum
1696 1687 1844 1783 adjuva,
1871 1691 1910 1768 δι

708 1783 802 1884 quast
823 1805 940 1858 natare
961 1785 1076 1860 adhuc
1096 1781 1260 1856 nescienti
1286 1783 1388 1856 suber
1407 1782 1628 1859 &corticem
1652 1781 1794 1878 subjice.
1819 1785 1909 1860 Ver·

710 1883 757 1959 ba
777 1881 900 1956 Latina
914 1902 993 1978 quae
1013 1879 1187 1976 ignorabit
1200 1877 1404 1976 suppedito,
1430 1903 1471 1953 ea
1493 1875 1567 1975 ipsa
1583 1881 1620 1952 in
1637 1899 1831 1974 congruum
1851 1905 1911 1956 or·

708 1983 830 2054 dinem
861 1976 1046 2054 secundbm
1078 1975 1335 2050 Grammatices
1364 1997 1542 2072 praecepta
1565 1997 1778 2071 componere
1801 1977 1909 2074 jube,

710 2075 769 2160 dt,
795 2074 820 2146 st
847 2078 882 2148 id
910 2071 1115 2170 ignorabit,
1146 2069 1305 2146 lubenter
1327 2069 1584 2170 praemonstra,
1618 2073 1692 2166 qud
1716 2095 1789 2148 non
1812 2077 1910 2150 dete·

708 2191 827 2248 reatur
851 2171 895 2246 ab
924 2167 1062 2244 insolito
1082 2170 1119 2244 dt
1141 2167 1274 2244 difficili
1299 2171 1443 2257 labore,
1468 2169 1506 2244 &
1521 2165 1619 2242 fimul
1638 2169 1809 2246 scribendi
1833 2171 1913 2250 usui·

711 2265 885 2344 assuescat.
937 2267 1081 2341 Muneri
1105 2264 1204 2341 certe
1228 2286 1291 2340 tuo
1314 2290 1386 2341 non
1401 2266 1545 2339 omnino
1570 2267 1658 2338 male
1681 2263 1908 2357 satisfeceris,

713 2363 738 2438 ii
762 2389 829 2462 per
853 2363 1006 2461 singulos
1030 2363 1106 2437 dies
1126 2361 1340 2460 praescriptis
1367 2363 1481 2438 modis
1503 2359 1616 2436 studia
1641 2361 1715 2457 ejus
1738 2363 1910 2440 sormave-

711 2463 771 2536 ris.
821 2461 858 2534 T
859 2459 979 2535 antbm
995 2481 1082 2556 ergo
1098 2462 1134 2532 in
1157 2481 1192 2533 te
1206 2459 1308 2534 situm
1322 2461 1393 2546 est,
1418 2481 1458 2534 ut
1478 2457 1671 2552 susceptam
1688 2463 1908 2556 provinciam

713 2559 868 2654 graviter
885 2557 1001 2632 obeas.
1050 2554 1089 2629 Si
1107 2579 1213 2627 unum
1230 2552 1361 2633 duosve
1375 2558 1449 2629 dies
1466 2551 1655 2638 remiseris,
1681 2558 1805 2650 quibus
1827 2560 1909 2632 ado-

712 2653 895 2730 lescentem
910 2654 975 2726 tibi
990 2649 1203 2726 commissum
1219 2651 1338 2727 feriari
1354 2648 1494 2728 siveris:
1521 2649 1615 2724 haud
1630 2653 1679 2724 ita
1696 2652 1798 2728 facile
1816 2657 1913 2732 dein·

714 2748 1004 2920 ⁰⁰¹'⁸·is¹¹¹s¹¹⁸i22
1025 2749 1438 2918 sasllililllll·
1461 2744 1836 2934 afflis⁰b<¹imnfi¹¹i
1860 2755 1913 2921 i'

715 2869 1036 3037 biibn,lrrlrin}oannb
1061 2867 1192 3034 (burgi,
1218 2869 1537 3036 diligentiuffiuo
1553 2939 1618 3013 tibi
1635 2870 1913 3019 meupdoleesoegs

716 3041 842 3116 arslius
865 3035 1035 3132 jundus,
1068 3057 1175 3132 atque
1210 3037 1345 3114 fidelius
1378 3037 1643 3113 commendatus
1671 3036 1731 3112 est.
1782 3041 1836 3116 Et.
1853 3043 1912 3116 hic

718 3136 816 3210 certe
833 3135 931 3209 labor
950 3136 1042 3208 haud
1059 3136 1120 3207 diu
1136 3133 1202 3207 tibi
1219 3135 1410 3208 incumbet.
1459 3132 1700 3229 Quamobrem
1721 3135 1913 3212 molestiam

715 3233 861 3330 injuneii
880 3233 1013 3318 oneris,
1039 3234 1208 3324 temporis
1231 3232 1403 3306 brevitate
1432 3230 1505 3326 ipse
1520 3230 1616 3326 apud
1635 3254 1735 3304 tuum
1760 3235 1913 3310 animum

716 3329 992 3500 rstnitigagledqtirle
1018 3327 1062 3400 de
1080 3326 1364 3516 ἑαυΐὲάἰάἱρΐμω
1393 3328 1543 3495 alacribus
1569 3328 1915 3500 dflissesstffsqlissl'

752 3449 806 3498 me
913 3447 949 3497 er
978 3447 1027 3496 ce.
1119 3445 1173 3497 ue
1223 3448 1337 3498 eruis
1362 3445 1486 3497 cauom
1512 3447 1552 3498 us
1576 3445 1718 3498 anteaa
1776 3447 1812 3500 te
1848 3448 1914 3502 crr-

720 3520 790 3620 pfl,
806 3448 1000 3614 nibilpopus
1020 3518 1085 3593 elie
1103 3523 1258 3594 existimo
1275 3522 1333 3594 bic
1350 3539 1522 3614 repetere.
1572 3517 1728 3592 Tantum
1744 3541 1780 3595 te
1793 3524 1917 3598 hortor

699 3643 825 3718 atque
851 3642 938 3705 oro,
963 3636 1002 3688 ut
1027 3637 1119 3690 meas
1145 3619 1321 3691 interdum
1341 3616 1455 3719 literas
1481 3618 1636 3711 relegas,
1662 3641 1773 3714 eaque
1807 3619 1914 3698 facias

721 3737 801 3812 quae
829 3715 866 3790 dt
895 3733 930 3786 te
954 3715 1058 3807 digna
1082 3711 1188 3804 sunt,
1213 3716 1251 3789 δι
1275 3736 1355 3809 quae
1383 3735 1439 3785 me
1463 3710 1603 3784 summis
1627 3717 1720 3788 votis
1747 3739 1916 3815 exoptare

658 3877 670 3892 .
722 3835 793 3887 non
813 3813 962 3908 ignoras.
1013 3807 1149 3884 Senties
1176 3833 1231 3886 me
1257 3835 1328 3884 non
1348 3810 1536 3905 vulgarem
1559 3809 1625 3883 ribi
1654 3814 1800 3886 amicum
1824 3812 1916 3897 eise,

724 3909 762 3985 dt
785 3933 841 3983 me
869 3907 1002 4002 aliquid
1021 3906 1125 4000 'apud
1161 3928 1341 4002 parentem
1366 3923 1464 3980 tuum
1488 3924 1596 4002 atque
1617 3911 1705 3980 alios
1730 3907 1857 4005 posse,
1889 3907 1915 3982 st

723 4003 835 4078 modo
859 4005 963 4076 talem
994 4021 1029 4074 te
1053 4003 1269 4095 praestiteris,
1297 4005 1434 4098 qualem
1457 4026 1524 4098 ego
1547 4001 1707 4080 desidero
1734 4003 1774 4078 ἃ
1802 4004 1914 4102 spero.

722 4099 972 4179 Valetudinem
1012 4117 1118 4192 atque
1151 4097 1263 4173 studia
1299 4121 1359 4172 tua
1392 4121 1475 4174 cura
1499 4099 1718 4195 diligenter,
1753 4097 1792 4174 dr
1821 4102 1916 4196 quod

723 4193 837 4270 sande
856 4194 1034 4290 pollicitus
1053 4217 1089 4268 es
1113 4191 1262 4290 praesta,
1286 4196 1322 4270 id
1348 4193 1397 4268 est
1420 4193 1473 4268 fre
1500 4217 1622 4269 uenter
1644 4195 1688 4270 ad
1714 4217 1770 4269 me
1793 4195 1915 4273 scribe.

723 4291 845 4372 salua
871 4289 1032 4366 Ulucium
1056 4311 1166 4368 tuum.
1190 4291 1306 4391 Spirae
1332 4311 1387 4382 14.
1411 4293 1456 4368 M
1479 4295 1486 4310 '
1526 4311 1619 4366 auno
1643 4311 1748 4385 1537.

1810 4577 1926 4661 EPI-
