<?xml version="1.0" encoding="UTF-8"?>
<!DOCTYPE html PUBLIC "-//W3C//DTD XHTML 1.0 Transitional//EN"
    "http://www.w3.org/TR/xhtml1/DTD/xhtml1-transitional.dtd">
<html xmlns="http://www.w3.org/1999/xhtml" xml:lang="en" lang="en">
 <head>
  <title>
</title>
<meta http-equiv="Content-Type" content="text/html;charset=utf-8" />
  <meta name='ocr-system' content='tesseract 3.04.00' />
  <meta name='ocr-capabilities' content='ocr_page ocr_carea ocr_par ocr_line ocrx_word'/>
</head>
<body>
  <div class='ocr_page' id='page_1' title='image "./vitavigliiabayt00ayttgoog_0413.png"; bbox 0 0 4612 5850; ppageno 0'>
   <div class='ocr_carea' id='block_1_1' title="bbox 720 483 1844 678">
    <p class='ocr_par' dir='ltr' id='par_1_1' title="bbox 720 483 1844 678">
     <span class='ocr_line' id='line_1_1' title="bbox 720 483 1844 678; baseline 0.011 -35"><span class='ocrx_word' id='word_1_1' title='bbox 720 567 804 678; x_wconf 74' lang='lat' dir='ltr'><strong>aar</strong></span> <span class='ocrx_word' id='word_1_2' title='bbox 832 549 1065 661; x_wconf 79' lang='lat' dir='ltr'><strong>vruuu</strong></span> <span class='ocrx_word' id='word_1_3' title='bbox 1092 569 1158 644; x_wconf 73' lang='lat' dir='ltr'><strong>m</strong></span> <span class='ocrx_word' id='word_1_4' title='bbox 1186 543 1432 644; x_wconf 79' lang='lat' dir='ltr'><strong>aurun</strong></span> <span class='ocrx_word' id='word_1_5' title='bbox 1466 483 1844 656; x_wconf 63' lang='lat' dir='ltr'><strong>z&#39;urcuurur</strong></span> 
     </span>
    </p>
   </div>
   <div class='ocr_carea' id='block_1_2' title="bbox 722 739 1910 2462">
    <p class='ocr_par' dir='ltr' id='par_1_2' title="bbox 722 739 1910 2462">
     <span class='ocr_line' id='line_1_2' title="bbox 722 739 1910 840; baseline 0.008 -19"><span class='ocrx_word' id='word_1_6' title='bbox 722 751 874 830; x_wconf 83' lang='lat' dir='ltr'><strong>vestrum</strong></span> <span class='ocrx_word' id='word_1_7' title='bbox 895 745 1106 840; x_wconf 80' lang='lat' dir='ltr'><strong>collegium,</strong></span> <span class='ocrx_word' id='word_1_8' title='bbox 1130 739 1225 838; x_wconf 90' lang='lat' dir='ltr'><strong>quod</strong></span> <span class='ocrx_word' id='word_1_9' title='bbox 1249 739 1427 814; x_wconf 85' lang='lat' dir='ltr'><strong>veteribue</strong></span> <span class='ocrx_word' id='word_1_10' title='bbox 1452 739 1612 817; x_wconf 79' lang='lat' dir='ltr'><strong>Geldrie</strong></span> <span class='ocrx_word' id='word_1_11' title='bbox 1639 743 1802 827; x_wconf 77' lang='lat' dir='ltr'>Ducibus</span> <span class='ocrx_word' id='word_1_12' title='bbox 1825 777 1910 832; x_wconf 89' lang='lat' dir='ltr'><strong>cou-</strong></span> 
     </span>
     <span class='ocr_line' id='line_1_3' title="bbox 722 834 1907 946; baseline -0.012 -22"><span class='ocrx_word' id='word_1_13' title='bbox 722 845 879 932; x_wconf 80' lang='lat' dir='ltr'><strong>uellent,</strong></span> <span class='ocrx_word' id='word_1_14' title='bbox 906 841 1033 916; x_wconf 77' lang='lat' dir='ltr'><strong>Caesari</strong></span> <span class='ocrx_word' id='word_1_15' title='bbox 1048 840 1204 932; x_wconf 87' lang='lat' dir='ltr'><strong>legitimo</strong></span> <span class='ocrx_word' id='word_1_16' title='bbox 1216 836 1290 932; x_wconf 81' lang='lat' dir='ltr'><strong>ejus</strong></span> <span class='ocrx_word' id='word_1_17' title='bbox 1305 834 1503 926; x_wconf 80' lang='lat' dir='ltr'><strong>suocetrori,</strong></span> <span class='ocrx_word' id='word_1_18' title='bbox 1529 839 1807 920; x_wconf 86' lang='lat' dir='ltr'><strong>&amp;Ecclefiarum</strong></span> <span class='ocrx_word' id='word_1_19' title='bbox 1825 873 1907 946; x_wconf 85' lang='lat' dir='ltr'><strong>pro.</strong></span> 
     </span>
     <span class='ocr_line' id='line_1_4' title="bbox 723 930 1907 1028; baseline 0.006 -14"><span class='ocrx_word' id='word_1_20' title='bbox 723 940 868 1019; x_wconf 64' lang='lat' dir='ltr'><strong>teuton,</strong></span> <span class='ocrx_word' id='word_1_21' title='bbox 893 959 963 1010; x_wconf 88' lang='lat' dir='ltr'><strong>non</strong></span> <span class='ocrx_word' id='word_1_22' title='bbox 976 938 1238 1028; x_wconf 85' lang='lat' dir='ltr'><strong>denegaturum.</strong></span> <span class='ocrx_word' id='word_1_23' title='bbox 1264 930 1320 1002; x_wconf 85' lang='lat' dir='ltr'><strong>Ad</strong></span> <span class='ocrx_word' id='word_1_24' title='bbox 1337 933 1414 1006; x_wconf 74' lang='lat' dir='ltr'><strong>baec</strong></span> <span class='ocrx_word' id='word_1_25' title='bbox 1424 930 1516 1007; x_wconf 85' lang='lat' dir='ltr'><strong>forre</strong></span> <span class='ocrx_word' id='word_1_26' title='bbox 1531 955 1617 1007; x_wconf 82' lang='lat' dir='ltr'><strong>meae</strong></span> <span class='ocrx_word' id='word_1_27' title='bbox 1632 939 1669 1008; x_wconf 90' lang='lat' dir='ltr'><strong>in</strong></span> <span class='ocrx_word' id='word_1_28' title='bbox 1685 961 1907 1020; x_wconf 83' lang='lat' dir='ltr'><strong>communem</strong></span> 
     </span>
     <span class='ocr_line' id='line_1_5' title="bbox 723 1023 1907 1127; baseline 0.002 -15"><span class='ocrx_word' id='word_1_29' title='bbox 723 1033 918 1112; x_wconf 82' lang='lat' dir='ltr'><strong>Eccleliam</strong></span> <span class='ocrx_word' id='word_1_30' title='bbox 934 1027 1178 1103; x_wconf 88' lang='lat' dir='ltr'><strong>Coloniensetu</strong></span> <span class='ocrx_word' id='word_1_31' title='bbox 1201 1023 1400 1098; x_wconf 84' lang='lat' dir='ltr'><strong>devotionis</strong></span> <span class='ocrx_word' id='word_1_32' title='bbox 1420 1030 1585 1102; x_wconf 86' lang='lat' dir='ltr'><strong>memoria</strong></span> <span class='ocrx_word' id='word_1_33' title='bbox 1603 1034 1719 1127; x_wconf 87' lang='lat' dir='ltr'><strong>aliqua</strong></span> <span class='ocrx_word' id='word_1_34' title='bbox 1733 1036 1835 1114; x_wconf 89' lang='lat' dir='ltr'>isthic</span> <span class='ocrx_word' id='word_1_35' title='bbox 1855 1064 1907 1114; x_wconf 87' lang='lat' dir='ltr'><strong>re·</strong></span> 
     </span>
     <span class='ocr_line' id='line_1_6' title="bbox 723 1119 1906 1226; baseline 0 -22"><span class='ocrx_word' id='word_1_36' title='bbox 723 1129 864 1214; x_wconf 83' lang='lat' dir='ltr'><strong>murrfir,</strong></span> <span class='ocrx_word' id='word_1_37' title='bbox 901 1123 997 1221; x_wconf 84' lang='lat' dir='ltr'><strong>apud</strong></span> <span class='ocrx_word' id='word_1_38' title='bbox 1026 1146 1061 1196; x_wconf 86' lang='lat' dir='ltr'><strong>te</strong></span> <span class='ocrx_word' id='word_1_39' title='bbox 1086 1119 1276 1216; x_wconf 84' lang='lat' dir='ltr'><strong>praesertim</strong></span> <span class='ocrx_word' id='word_1_40' title='bbox 1288 1172 1318 1214; x_wconf 81' lang='lat'><em>„</em></span> <span class='ocrx_word' id='word_1_41' title='bbox 1332 1121 1396 1213; x_wconf 89' lang='lat' dir='ltr'><strong>qui</strong></span> <span class='ocrx_word' id='word_1_42' title='bbox 1413 1143 1489 1196; x_wconf 87' lang='lat' dir='ltr'><strong>eam</strong></span> <span class='ocrx_word' id='word_1_43' title='bbox 1511 1129 1674 1220; x_wconf 84' lang='lat' dir='ltr'><strong>proprius</strong></span> <span class='ocrx_word' id='word_1_44' title='bbox 1700 1137 1906 1226; x_wconf 91' lang='lat' dir='ltr'><strong>cognovisti.</strong></span> 
     </span>
     <span class='ocr_line' id='line_1_7' title="bbox 725 1218 1906 1314; baseline 0.003 -17"><span class='ocrx_word' id='word_1_45' title='bbox 725 1221 967 1314; x_wconf 83' lang='lat' dir='ltr'>Quamobrem</span> <span class='ocrx_word' id='word_1_46' title='bbox 992 1240 1082 1311; x_wconf 91' lang='lat' dir='ltr'><strong>rogo</strong></span> <span class='ocrx_word' id='word_1_47' title='bbox 1110 1233 1149 1287; x_wconf 91' lang='lat' dir='ltr'><strong>ut</strong></span> <span class='ocrx_word' id='word_1_48' title='bbox 1173 1234 1231 1288; x_wconf 89' lang='lat' dir='ltr'><strong>tua</strong></span> <span class='ocrx_word' id='word_1_49' title='bbox 1251 1218 1460 1305; x_wconf 80' lang='lat' dir='ltr'><strong>autoritate,</strong></span> <span class='ocrx_word' id='word_1_50' title='bbox 1495 1241 1576 1311; x_wconf 83' lang='lat' dir='ltr'><strong>quae</strong></span> <span class='ocrx_word' id='word_1_51' title='bbox 1597 1222 1635 1294; x_wconf 91' lang='lat' dir='ltr'><strong>iu</strong></span> <span class='ocrx_word' id='word_1_52' title='bbox 1664 1225 1724 1298; x_wconf 88' lang='lat' dir='ltr'><strong>illa</strong></span> <span class='ocrx_word' id='word_1_53' title='bbox 1748 1225 1906 1303; x_wconf 86' lang='lat' dir='ltr'><strong>Eccleiia</strong></span> 
     </span>
     <span class='ocr_line' id='line_1_8' title="bbox 725 1307 1905 1414; baseline -0.001 -21"><span class='ocrx_word' id='word_1_54' title='bbox 725 1322 819 1395; x_wconf 86' lang='lat' dir='ltr'><strong>baud</strong></span> <span class='ocrx_word' id='word_1_55' title='bbox 837 1317 1009 1391; x_wconf 88' lang='lat' dir='ltr'><strong>immerito</strong></span> <span class='ocrx_word' id='word_1_56' title='bbox 1020 1331 1144 1404; x_wconf 84' lang='lat' dir='ltr'><strong>magna</strong></span> <span class='ocrx_word' id='word_1_57' title='bbox 1164 1309 1231 1397; x_wconf 87' lang='lat' dir='ltr'><strong>est,</strong></span> <span class='ocrx_word' id='word_1_58' title='bbox 1256 1307 1462 1383; x_wconf 78' lang='lat' dir='ltr'><strong>desiderium</strong></span> <span class='ocrx_word' id='word_1_59' title='bbox 1478 1310 1631 1388; x_wconf 87' lang='lat' dir='ltr'><strong>nostrum</strong></span> <span class='ocrx_word' id='word_1_60' title='bbox 1643 1317 1798 1414; x_wconf 80' lang='lat' dir='ltr'><strong>adjuves.</strong></span> <span class='ocrx_word' id='word_1_61' title='bbox 1821 1322 1905 1397; x_wconf 87' lang='lat' dir='ltr'><strong>Mili</strong></span> 
     </span>
     <span class='ocr_line' id='line_1_9' title="bbox 726 1403 1906 1512; baseline 0.003 -23"><span class='ocrx_word' id='word_1_62' title='bbox 726 1414 873 1490; x_wconf 75' lang='lat' dir='ltr'><strong>Caesarit</strong></span> <span class='ocrx_word' id='word_1_63' title='bbox 890 1411 1024 1483; x_wconf 80' lang='lat' dir='ltr'><strong>litteras</strong></span> <span class='ocrx_word' id='word_1_64' title='bbox 1039 1409 1089 1494; x_wconf 80' lang='lat' dir='ltr'><strong>ed</strong></span> <span class='ocrx_word' id='word_1_65' title='bbox 1104 1403 1294 1478; x_wconf 74' lang='lat' dir='ltr'><strong>pauonem</strong></span> <span class='ocrx_word' id='word_1_66' title='bbox 1310 1403 1509 1494; x_wconf 67' lang='lat' dir='ltr'><strong>Hermum,</strong></span> <span class='ocrx_word' id='word_1_67' title='bbox 1534 1431 1607 1504; x_wconf 90' lang='lat' dir='ltr'><strong>quo</strong></span> <span class='ocrx_word' id='word_1_68' title='bbox 1622 1413 1651 1483; x_wconf 91' lang='lat' dir='ltr'><strong>is</strong></span> <span class='ocrx_word' id='word_1_69' title='bbox 1667 1436 1723 1487; x_wconf 83' lang='lat' dir='ltr'><strong>eas</strong></span> <span class='ocrx_word' id='word_1_70' title='bbox 1739 1414 1906 1512; x_wconf 88' lang='lat' dir='ltr'><strong>Capitulo</strong></span> 
     </span>
     <span class='ocr_line' id='line_1_10' title="bbox 725 1498 1905 1598; baseline 0.002 -13"><span class='ocrx_word' id='word_1_71' title='bbox 725 1533 773 1585; x_wconf 82' lang='lat' dir='ltr'><strong>ex</strong></span> <span class='ocrx_word' id='word_1_72' title='bbox 793 1532 853 1582; x_wconf 91' lang='lat' dir='ltr'><strong>tuo</strong></span> <span class='ocrx_word' id='word_1_73' title='bbox 877 1502 1017 1580; x_wconf 80' lang='lat' dir='ltr'><strong>consilio</strong></span> <span class='ocrx_word' id='word_1_74' title='bbox 1037 1521 1101 1598; x_wconf 92' lang='lat' dir='ltr'><strong>per</strong></span> <span class='ocrx_word' id='word_1_75' title='bbox 1123 1498 1392 1594; x_wconf 84' lang='lat' dir='ltr'><strong>oportunitatem</strong></span> <span class='ocrx_word' id='word_1_76' title='bbox 1417 1499 1570 1576; x_wconf 86' lang='lat' dir='ltr'><strong>offerret.</strong></span> <span class='ocrx_word' id='word_1_77' title='bbox 1617 1504 1711 1580; x_wconf 90' lang='lat' dir='ltr'><strong>Cum</strong></span> <span class='ocrx_word' id='word_1_78' title='bbox 1738 1509 1823 1586; x_wconf 93' lang='lat' dir='ltr'><strong>boui</strong></span> <span class='ocrx_word' id='word_1_79' title='bbox 1847 1537 1905 1586; x_wconf 84' lang='lat' dir='ltr'><strong>au·</strong></span> 
     </span>
     <span class='ocr_line' id='line_1_11' title="bbox 725 1595 1906 1702; baseline 0.003 -25"><span class='ocrx_word' id='word_1_80' title='bbox 725 1624 798 1678; x_wconf 90' lang='lat' dir='ltr'><strong>tem</strong></span> <span class='ocrx_word' id='word_1_81' title='bbox 825 1602 893 1676; x_wconf 88' lang='lat' dir='ltr'><strong>viri</strong></span> <span class='ocrx_word' id='word_1_82' title='bbox 918 1597 1072 1682; x_wconf 78' lang='lat' dir='ltr'><strong>intersit,</strong></span> <span class='ocrx_word' id='word_1_83' title='bbox 1108 1617 1151 1670; x_wconf 92' lang='lat' dir='ltr'><strong>ne</strong></span> <span class='ocrx_word' id='word_1_84' title='bbox 1176 1597 1282 1689; x_wconf 80' lang='lat' dir='ltr'><strong>longa</strong></span> <span class='ocrx_word' id='word_1_85' title='bbox 1305 1614 1364 1666; x_wconf 84' lang='lat' dir='ltr'><strong>aut</strong></span> <span class='ocrx_word' id='word_1_86' title='bbox 1390 1595 1485 1669; x_wconf 87' lang='lat' dir='ltr'><strong>inani</strong></span> <span class='ocrx_word' id='word_1_87' title='bbox 1510 1595 1572 1693; x_wconf 90' lang='lat' dir='ltr'><strong>spe</strong></span> <span class='ocrx_word' id='word_1_88' title='bbox 1592 1601 1757 1690; x_wconf 83' lang='lat' dir='ltr'><strong>ducatur,</strong></span> <span class='ocrx_word' id='word_1_89' title='bbox 1791 1609 1906 1702; x_wconf 86' lang='lat' dir='ltr'><strong>magui</strong></span> 
     </span>
     <span class='ocr_line' id='line_1_12' title="bbox 722 1687 1904 1796; baseline 0 -20"><span class='ocrx_word' id='word_1_90' title='bbox 722 1697 884 1776; x_wconf 86' lang='lat' dir='ltr'><strong>beneficii</strong></span> <span class='ocrx_word' id='word_1_91' title='bbox 909 1699 990 1770; x_wconf 91' lang='lat' dir='ltr'><strong>loco</strong></span> <span class='ocrx_word' id='word_1_92' title='bbox 1014 1697 1158 1777; x_wconf 85' lang='lat' dir='ltr'><strong>ducam,</strong></span> <span class='ocrx_word' id='word_1_93' title='bbox 1184 1687 1208 1761; x_wconf 82' lang='lat' dir='ltr'><strong>fi</strong></span> <span class='ocrx_word' id='word_1_94' title='bbox 1232 1691 1421 1784; x_wconf 85' lang='lat' dir='ltr'><strong>impetrare</strong></span> <span class='ocrx_word' id='word_1_95' title='bbox 1449 1689 1596 1787; x_wconf 84' lang='lat' dir='ltr'><strong>desuper</strong></span> <span class='ocrx_word' id='word_1_96' title='bbox 1617 1717 1747 1771; x_wconf 85' lang='lat' dir='ltr'><strong>certum</strong></span> <span class='ocrx_word' id='word_1_97' title='bbox 1765 1701 1904 1796; x_wconf 91' lang='lat' dir='ltr'><strong>respuu-</strong></span> 
     </span>
     <span class='ocr_line' id='line_1_13' title="bbox 724 1781 1906 1890; baseline 0.001 -22"><span class='ocrx_word' id='word_1_98' title='bbox 724 1793 799 1868; x_wconf 83' lang='lat' dir='ltr'><strong>l&#39;um</strong></span> <span class='ocrx_word' id='word_1_99' title='bbox 821 1817 841 1867; x_wconf 82' lang='lat' dir='ltr'><strong>a</strong></span> <span class='ocrx_word' id='word_1_100' title='bbox 864 1789 1032 1886; x_wconf 89' lang='lat' dir='ltr'><strong>Capitulo</strong></span> <span class='ocrx_word' id='word_1_101' title='bbox 1057 1789 1176 1860; x_wconf 78' lang='lat' dir='ltr'><strong>liceat:</strong></span> <span class='ocrx_word' id='word_1_102' title='bbox 1210 1781 1248 1857; x_wconf 78' lang='lat' dir='ltr'><strong>dt</strong></span> <span class='ocrx_word' id='word_1_103' title='bbox 1267 1805 1306 1858; x_wconf 88' lang='lat' dir='ltr'><strong>ut</strong></span> <span class='ocrx_word' id='word_1_104' title='bbox 1324 1782 1484 1860; x_wconf 88' lang='lat' dir='ltr'><strong>videatur</strong></span> <span class='ocrx_word' id='word_1_105' title='bbox 1505 1787 1737 1864; x_wconf 85' lang='lat' dir='ltr'><strong>Caesarearuru</strong></span> <span class='ocrx_word' id='word_1_106' title='bbox 1754 1815 1906 1890; x_wconf 87' lang='lat' dir='ltr'><strong>precum</strong></span> 
     </span>
     <span class='ocr_line' id='line_1_14' title="bbox 725 1880 1904 2048; baseline 0.002 -85"><span class='ocrx_word' id='word_1_107' title='bbox 725 1893 842 1984; x_wconf 84' lang='lat' dir='ltr'><strong>ulique</strong></span> <span class='ocrx_word' id='word_1_108' title='bbox 865 1888 979 1958; x_wconf 86' lang='lat' dir='ltr'><strong>habita</strong></span> <span class='ocrx_word' id='word_1_109' title='bbox 996 1884 1103 1966; x_wconf 82' lang='lat' dir='ltr'><strong>ratio,</strong></span> <span class='ocrx_word' id='word_1_110' title='bbox 1132 1881 1277 2048; x_wconf 58' lang='lat' dir='ltr'><strong>fluendo</strong></span> <span class='ocrx_word' id='word_1_111' title='bbox 1298 1885 1367 1990; x_wconf 83' lang='lat' dir='ltr'><strong>jem</strong></span> <span class='ocrx_word' id='word_1_112' title='bbox 1394 1880 1652 1974; x_wconf 87' lang='lat' dir='ltr'><strong>quadriennium</strong></span> <span class='ocrx_word' id='word_1_113' title='bbox 1674 1889 1806 1982; x_wconf 82' lang='lat' dir='ltr'><strong>agitur,</strong></span> <span class='ocrx_word' id='word_1_114' title='bbox 1831 1911 1904 1987; x_wconf 92' lang='lat' dir='ltr'><strong>quo</strong></span> 
     </span>
     <span class='ocr_line' id='line_1_15' title="bbox 725 1977 1903 2076; baseline 0.001 -17"><span class='ocrx_word' id='word_1_115' title='bbox 725 1979 1123 2076; x_wconf 77' lang='lat' dir='ltr'><strong>MaiestassunGeldriae</strong></span> <span class='ocrx_word' id='word_1_116' title='bbox 1170 1977 1501 2071; x_wconf 81' lang='lat' dir='ltr'><strong>ucatuirnaugurata</strong></span> <span class='ocrx_word' id='word_1_117' title='bbox 1517 1978 1793 2075; x_wconf 82' lang='lat' dir='ltr'><strong>fuit‚sperumus</strong></span> <span class='ocrx_word' id='word_1_118' title='bbox 1807 1985 1903 2061; x_wconf 86' lang='lat' dir='ltr'><strong>huuc</strong></span> 
     </span>
     <span class='ocr_line' id='line_1_16' title="bbox 725 2071 1902 2171; baseline 0.003 -19"><span class='ocrx_word' id='word_1_119' title='bbox 725 2080 880 2164; x_wconf 78' lang='lat' dir='ltr'><strong>euteria,</strong></span> <span class='ocrx_word' id='word_1_120' title='bbox 912 2079 974 2171; x_wconf 87' lang='lat' dir='ltr'><strong>qui</strong></span> <span class='ocrx_word' id='word_1_121' title='bbox 996 2074 1065 2148; x_wconf 86' lang='lat' dir='ltr'><strong>alio</strong></span> <span class='ocrx_word' id='word_1_122' title='bbox 1086 2077 1163 2168; x_wconf 74' lang='lat' dir='ltr'><strong>iure</strong></span> <span class='ocrx_word' id='word_1_123' title='bbox 1189 2071 1367 2154; x_wconf 87' lang='lat' dir='ltr'><strong>nituntur,</strong></span> <span class='ocrx_word' id='word_1_124' title='bbox 1399 2074 1577 2166; x_wconf 81' lang='lat' dir='ltr'><strong>praelatum</strong></span> <span class='ocrx_word' id='word_1_125' title='bbox 1597 2077 1649 2148; x_wconf 88' lang='lat' dir='ltr'><strong>iri.</strong></span> <span class='ocrx_word' id='word_1_126' title='bbox 1697 2074 1849 2153; x_wconf 82' lang='lat' dir='ltr'><strong>Vicillrm</strong></span> <span class='ocrx_word' id='word_1_127' title='bbox 1875 2079 1902 2155; x_wconf 84' lang='lat' dir='ltr'><strong>u</strong></span> 
     </span>
     <span class='ocr_line' id='line_1_17' title="bbox 724 2165 1903 2270; baseline 0.002 -24"><span class='ocrx_word' id='word_1_128' title='bbox 724 2197 794 2270; x_wconf 84' lang='lat' dir='ltr'><strong>qua</strong></span> <span class='ocrx_word' id='word_1_129' title='bbox 812 2176 849 2248; x_wconf 93' lang='lat' dir='ltr'><strong>in</strong></span> <span class='ocrx_word' id='word_1_130' title='bbox 873 2195 910 2244; x_wconf 87' lang='lat' dir='ltr'><strong>re</strong></span> <span class='ocrx_word' id='word_1_131' title='bbox 935 2171 1003 2244; x_wconf 87' lang='lat' dir='ltr'><strong>mei</strong></span> <span class='ocrx_word' id='word_1_132' title='bbox 1024 2165 1102 2242; x_wconf 88' lang='lat' dir='ltr'><strong>usus</strong></span> <span class='ocrx_word' id='word_1_133' title='bbox 1127 2165 1310 2252; x_wconf 87' lang='lat' dir='ltr'><strong>inciderit,</strong></span> <span class='ocrx_word' id='word_1_134' title='bbox 1345 2167 1382 2238; x_wconf 93' lang='lat' dir='ltr'><strong>io</strong></span> <span class='ocrx_word' id='word_1_135' title='bbox 1400 2189 1476 2242; x_wconf 87' lang='lat' dir='ltr'><strong>mea</strong></span> <span class='ocrx_word' id='word_1_136' title='bbox 1502 2169 1680 2265; x_wconf 82' lang='lat' dir='ltr'><strong>diligentia</strong></span> <span class='ocrx_word' id='word_1_137' title='bbox 1702 2191 1763 2246; x_wconf 76' lang='lat' dir='ltr'><strong>aut</strong></span> <span class='ocrx_word' id='word_1_138' title='bbox 1780 2178 1903 2250; x_wconf 84' lang='lat' dir='ltr'><strong>voluu-</strong></span> 
     </span>
     <span class='ocr_line' id='line_1_18' title="bbox 723 2259 1903 2346; baseline 0.003 -2"><span class='ocrx_word' id='word_1_139' title='bbox 723 2289 794 2344; x_wconf 89' lang='lat' dir='ltr'><strong>tate</strong></span> <span class='ocrx_word' id='word_1_140' title='bbox 809 2269 895 2342; x_wconf 90' lang='lat' dir='ltr'><strong>nihil</strong></span> <span class='ocrx_word' id='word_1_141' title='bbox 906 2291 968 2342; x_wconf 85' lang='lat' dir='ltr'><strong>vos</strong></span> <span class='ocrx_word' id='word_1_142' title='bbox 979 2263 1170 2338; x_wconf 81' lang='lat' dir='ltr'><strong>deiiderare</strong></span> <span class='ocrx_word' id='word_1_143' title='bbox 1187 2260 1304 2334; x_wconf 85' lang='lat' dir='ltr'><strong>finam.</strong></span> <span class='ocrx_word' id='word_1_144' title='bbox 1352 2259 1441 2335; x_wconf 86' lang='lat' dir='ltr'><strong>Vale</strong></span> <span class='ocrx_word' id='word_1_145' title='bbox 1452 2261 1606 2341; x_wconf 89' lang='lat' dir='ltr'><strong>Domine</strong></span> <span class='ocrx_word' id='word_1_146' title='bbox 1620 2264 1657 2340; x_wconf 77' lang='grc' dir='ltr'><strong>δι</strong></span> <span class='ocrx_word' id='word_1_147' title='bbox 1668 2265 1792 2346; x_wconf 83' lang='lat' dir='ltr'><strong>Amice</strong></span> <span class='ocrx_word' id='word_1_148' title='bbox 1809 2293 1903 2346; x_wconf 86' lang='lat' dir='ltr'><strong>cum·</strong></span> 
     </span>
     <span class='ocr_line' id='line_1_19' title="bbox 722 2355 1561 2462; baseline -0.007 -24"><span class='ocrx_word' id='word_1_149' title='bbox 722 2370 844 2462; x_wconf 84' lang='lat' dir='ltr'><strong>primis</strong></span> <span class='ocrx_word' id='word_1_150' title='bbox 858 2359 1084 2440; x_wconf 82' lang='lat' dir='ltr'><strong>observande.</strong></span> <span class='ocrx_word' id='word_1_151' title='bbox 1134 2356 1272 2432; x_wconf 82' lang='lat' dir='ltr'><strong>Riucbii</strong></span> <span class='ocrx_word' id='word_1_152' title='bbox 1291 2359 1325 2434; x_wconf 89' lang='lat'><strong>8.</strong></span> <span class='ocrx_word' id='word_1_153' title='bbox 1341 2355 1429 2450; x_wconf 89' lang='lat' dir='ltr'><strong>Julii</strong></span> <span class='ocrx_word' id='word_1_154' title='bbox 1457 2377 1561 2453; x_wconf 79' lang='lat'>1547.</span> 
     </span>
    </p>
   </div>
   <div class='ocr_carea' id='block_1_3' title="bbox 665 2505 1816 2871">
    <p class='ocr_par' dir='ltr' id='par_1_3' title="bbox 665 2505 1868 2881">
     <span class='ocr_line' id='line_1_20' title="bbox 901 2505 1733 2666; baseline -0.004 -8"><span class='ocrx_word' id='word_1_155' title='bbox 901 2505 1408 2658; x_wconf 78' lang='lat' dir='ltr'><strong>uursuoun·</strong></span> <span class='ocrx_word' id='word_1_156' title='bbox 1461 2559 1733 2666; x_wconf 76' lang='lat' dir='ltr'><strong>cxiv.</strong></span> 
     </span>
     <span class='ocr_line' id='line_1_21' title="bbox 665 2707 1816 2871; baseline 0.003 -8"><span class='ocrx_word' id='word_1_157' title='bbox 665 2707 683 2804; x_wconf 69' lang='lat'><em>³</em></span> <span class='ocrx_word' id='word_1_158' title='bbox 807 2767 1263 2871; x_wconf 82' lang='lat' dir='ltr'><strong>nooovrco</strong></span> <span class='ocrx_word' id='word_1_159' title='bbox 1320 2763 1816 2867; x_wconf 80' lang='lat' dir='ltr'><strong>souounuo.</strong></span> 
     </span>
    </p>
   </div>
   <div class='ocr_carea' id='block_1_4' title="bbox 661 2971 1901 3652">
    <p class='ocr_par' dir='ltr' id='par_1_4' title="bbox 661 2971 1901 3652">
     <span class='ocr_line' id='line_1_22' title="bbox 661 2971 1901 3098; baseline -0.002 -24"><span class='ocrx_word' id='word_1_160' title='bbox 661 3061 671 3086; x_wconf 83' lang='lat'><strong>.</strong></span> <span class='ocrx_word' id='word_1_161' title='bbox 724 2983 799 3086; x_wconf 86' lang='lat' dir='ltr'><strong>De</strong></span> <span class='ocrx_word' id='word_1_162' title='bbox 816 2979 1032 3098; x_wconf 79' lang='lat' dir='ltr'><strong>Religionis</strong></span> <span class='ocrx_word' id='word_1_163' title='bbox 1056 2982 1208 3092; x_wconf 84' lang='lat' dir='ltr'><strong>negotio</strong></span> <span class='ocrx_word' id='word_1_164' title='bbox 1232 2979 1272 3060; x_wconf 86' lang='lat' dir='ltr'><strong>in</strong></span> <span class='ocrx_word' id='word_1_165' title='bbox 1296 2971 1476 3062; x_wconf 86' lang='lat' dir='ltr'><strong>Comitiis</strong></span> <span class='ocrx_word' id='word_1_166' title='bbox 1502 2975 1901 3092; x_wconf 66' lang='lat' dir='ltr'><strong>Argonautarum</strong></span> 
     </span>
     <span class='ocr_line' id='line_1_23' title="bbox 776 3083 1900 3213; baseline -0.003 -28"><span class='ocrx_word' id='word_1_167' title='bbox 776 3119 856 3213; x_wconf 84' lang='lat' dir='ltr'><strong>per</strong></span> <span class='ocrx_word' id='word_1_168' title='bbox 878 3095 1053 3183; x_wconf 90' lang='lat' dir='ltr'><strong>Interim</strong></span> <span class='ocrx_word' id='word_1_169' title='bbox 1076 3087 1210 3180; x_wconf 85' lang='lat' dir='ltr'><strong>Caroli</strong></span> <span class='ocrx_word' id='word_1_170' title='bbox 1237 3084 1430 3199; x_wconf 52' lang='lat' dir='ltr'><strong>Caesaris,</strong></span> <span class='ocrx_word' id='word_1_171' title='bbox 1469 3083 1528 3177; x_wconf 62' lang='grc' dir='ltr'><strong>(θ’</strong></span> <span class='ocrx_word' id='word_1_172' title='bbox 1552 3111 1632 3202; x_wconf 83' lang='lat' dir='ltr'><strong>per</strong></span> <span class='ocrx_word' id='word_1_173' title='bbox 1652 3087 1900 3198; x_wconf 79' lang='lat' dir='ltr'><strong>constitutum</strong></span> 
     </span>
     <span class='ocr_line' id='line_1_24' title="bbox 780 3197 1900 3312; baseline -0.004 -16"><span class='ocrx_word' id='word_1_174' title='bbox 780 3213 830 3296; x_wconf 84' lang='lat' dir='ltr'><strong>rie</strong></span> <span class='ocrx_word' id='word_1_175' title='bbox 856 3206 955 3294; x_wconf 82' lang='lat' dir='ltr'><strong>cleri</strong></span> <span class='ocrx_word' id='word_1_176' title='bbox 985 3201 1277 3312; x_wconf 82' lang='lat' dir='ltr'><strong>reformatione.</strong></span> <span class='ocrx_word' id='word_1_177' title='bbox 1342 3197 1392 3284; x_wconf 93' lang='lat' dir='ltr'><em>A</em></span> <span class='ocrx_word' id='word_1_178' title='bbox 1414 3199 1556 3311; x_wconf 84' lang='lat' dir='ltr'><strong>quibus</strong></span> <span class='ocrx_word' id='word_1_179' title='bbox 1576 3199 1696 3312; x_wconf 79' lang='lat' dir='ltr'><strong>susce</strong></span> <span class='ocrx_word' id='word_1_180' title='bbox 1724 3224 1809 3292; x_wconf 86' lang='lat' dir='ltr'><strong>tum</strong></span> <span class='ocrx_word' id='word_1_181' title='bbox 1835 3205 1900 3294; x_wconf 90' lang='lat' dir='ltr'><strong>ln·</strong></span> 
     </span>
     <span class='ocr_line' id='line_1_25' title="bbox 778 3306 1900 3424; baseline 0 -18"><span class='ocrx_word' id='word_1_182' title='bbox 778 3319 916 3408; x_wconf 87' lang='lat' dir='ltr'><strong>terim.</strong></span> <span class='ocrx_word' id='word_1_183' title='bbox 973 3315 1047 3403; x_wconf 86' lang='lat' dir='ltr'><strong>De</strong></span> <span class='ocrx_word' id='word_1_184' title='bbox 1074 3313 1118 3401; x_wconf 87' lang='lat' dir='ltr'><em>E</em></span> <span class='ocrx_word' id='word_1_185' title='bbox 1148 3311 1265 3424; x_wconf 85' lang='lat' dir='ltr'><strong>iscopi</strong></span> <span class='ocrx_word' id='word_1_186' title='bbox 1294 3306 1529 3414; x_wconf 82' lang='lat' dir='ltr'><strong>Lubecensts</strong></span> <span class='ocrx_word' id='word_1_187' title='bbox 1546 3311 1665 3423; x_wconf 81' lang='lat' dir='ltr'><strong>sucre</strong></span> <span class='ocrx_word' id='word_1_188' title='bbox 1693 3343 1767 3402; x_wconf 82' lang='lat' dir='ltr'><strong>ore.</strong></span> <span class='ocrx_word' id='word_1_189' title='bbox 1829 3319 1900 3406; x_wconf 80' lang='lat' dir='ltr'><strong>De</strong></span> 
     </span>
     <span class='ocr_line' id='line_1_26' title="bbox 763 3337 1898 3543; baseline 0 -24"><span class='ocrx_word' id='word_1_190' title='bbox 763 3428 952 3541; x_wconf 35' lang='lat' dir='ltr'><strong>&#39;Belgicis</strong></span> <span class='ocrx_word' id='word_1_191' title='bbox 986 3453 1074 3514; x_wconf 82' lang='lat' dir='ltr'><strong>cum</strong></span> <span class='ocrx_word' id='word_1_192' title='bbox 1104 3337 1285 3537; x_wconf 62' lang='lat' dir='ltr'><strong>duperia</strong></span> <span class='ocrx_word' id='word_1_193' title='bbox 1318 3419 1582 3534; x_wconf 64' lang='lat' dir='ltr'><strong>quaestionibus</strong></span> <span class='ocrx_word' id='word_1_194' title='bbox 1611 3431 1669 3511; x_wconf 83' lang='lat' dir='ltr'><strong>od</strong></span> <span class='ocrx_word' id='word_1_195' title='bbox 1698 3425 1898 3543; x_wconf 84' lang='lat' dir='ltr'><strong>Reginam</strong></span> 
     </span>
     <span class='ocr_line' id='line_1_27' title="bbox 776 3535 1498 3652; baseline -0.011 -22"><span class='ocrx_word' id='word_1_196' title='bbox 776 3545 957 3630; x_wconf 82' lang='lat' dir='ltr'><strong>remittit.</strong></span> <span class='ocrx_word' id='word_1_197' title='bbox 1018 3535 1147 3652; x_wconf 85' lang='lat' dir='ltr'><strong>Optat</strong></span> <span class='ocrx_word' id='word_1_198' title='bbox 1171 3535 1301 3622; x_wconf 85' lang='lat' dir='ltr'><strong>redire</strong></span> <span class='ocrx_word' id='word_1_199' title='bbox 1327 3535 1498 3622; x_wconf 82' lang='lat' dir='ltr'><strong>domum.</strong></span> 
     </span>
    </p>
   </div>
   <div class='ocr_carea' id='block_1_5' title="bbox 718 3739 1898 4300">
    <p class='ocr_par' dir='ltr' id='par_1_5' title="bbox 718 3739 1898 4300">
     <span class='ocr_line' id='line_1_28' title="bbox 806 3739 1894 3837; baseline -0.001 -13"><span class='ocrx_word' id='word_1_200' title='bbox 806 3747 1017 3824; x_wconf 89' lang='lat' dir='ltr'><strong>Omitioruru</strong></span> <span class='ocrx_word' id='word_1_201' title='bbox 1035 3741 1115 3817; x_wconf 86' lang='lat' dir='ltr'><strong>linis</strong></span> <span class='ocrx_word' id='word_1_202' title='bbox 1137 3739 1276 3815; x_wconf 88' lang='lat' dir='ltr'><strong>tandem</strong></span> <span class='ocrx_word' id='word_1_203' title='bbox 1292 3739 1352 3813; x_wconf 89' lang='lat' dir='ltr'><strong>bic</strong></span> <span class='ocrx_word' id='word_1_204' title='bbox 1366 3739 1489 3815; x_wconf 87' lang='lat' dir='ltr'><strong>ultima</strong></span> <span class='ocrx_word' id='word_1_205' title='bbox 1507 3739 1565 3816; x_wconf 91' lang='lat' dir='ltr'><strong>die</strong></span> <span class='ocrx_word' id='word_1_206' title='bbox 1586 3740 1679 3837; x_wconf 85' lang='lat' dir='ltr'><strong>Junii</strong></span> <span class='ocrx_word' id='word_1_207' title='bbox 1698 3743 1806 3821; x_wconf 75' lang='lat' dir='ltr'><strong>fedius</strong></span> <span class='ocrx_word' id='word_1_208' title='bbox 1828 3747 1894 3836; x_wconf 88' lang='lat' dir='ltr'><strong>est,</strong></span> 
     </span>
     <span class='ocr_line' id='line_1_29' title="bbox 828 3837 1896 3941; baseline 0.001 -24"><span class='ocrx_word' id='word_1_209' title='bbox 828 3867 908 3941; x_wconf 82' lang='lat' dir='ltr'><strong>quae</strong></span> <span class='ocrx_word' id='word_1_210' title='bbox 925 3840 1086 3914; x_wconf 78' lang='lat' dir='ltr'><strong>Calendis</strong></span> <span class='ocrx_word' id='word_1_211' title='bbox 1105 3837 1369 3930; x_wconf 76' lang='lat' dir='ltr'><strong>Septembribus</strong></span> <span class='ocrx_word' id='word_1_212' title='bbox 1390 3858 1578 3932; x_wconf 75' lang='lat' dir='ltr'><strong>coeperant.</strong></span> <span class='ocrx_word' id='word_1_213' title='bbox 1628 3837 1821 3937; x_wconf 86' lang='lat' dir='ltr'><strong>Religionis</strong></span> <span class='ocrx_word' id='word_1_214' title='bbox 1839 3869 1896 3918; x_wconf 93' lang='lat' dir='ltr'><strong>ne-</strong></span> 
     </span>
     <span class='ocr_line' id='line_1_30' title="bbox 720 3931 1895 4040; baseline 0.001 -27"><span class='ocrx_word' id='word_1_215' title='bbox 720 3943 853 4040; x_wconf 89' lang='lat' dir='ltr'><strong>gotium</strong></span> <span class='ocrx_word' id='word_1_216' title='bbox 871 3940 1025 4011; x_wconf 88' lang='lat' dir='ltr'><strong>omnium</strong></span> <span class='ocrx_word' id='word_1_217' title='bbox 1048 3931 1289 4007; x_wconf 89' lang='lat' dir='ltr'><strong>difficillimum</strong></span> <span class='ocrx_word' id='word_1_218' title='bbox 1314 3951 1495 4027; x_wconf 90' lang='lat' dir='ltr'><strong>utcunque</strong></span> <span class='ocrx_word' id='word_1_219' title='bbox 1517 3932 1682 4008; x_wconf 78' lang='lat' dir='ltr'><strong>dtreuum</strong></span> <span class='ocrx_word' id='word_1_220' title='bbox 1701 3939 1748 4012; x_wconf 88' lang='lat' dir='ltr'><strong>est</strong></span> <span class='ocrx_word' id='word_1_221' title='bbox 1764 3939 1895 4014; x_wconf 81' lang='lat' dir='ltr'><strong>duabus</strong></span> 
     </span>
     <span class='ocr_line' id='line_1_31' title="bbox 719 4025 1895 4127; baseline -0.003 -15"><span class='ocrx_word' id='word_1_222' title='bbox 719 4032 1049 4115; x_wconf 86' lang='lat' dir='ltr'><strong>constitutionibus,</strong></span> <span class='ocrx_word' id='word_1_223' title='bbox 1080 4027 1138 4100; x_wconf 91' lang='lat' dir='ltr'><strong>seu</strong></span> <span class='ocrx_word' id='word_1_224' title='bbox 1162 4028 1282 4122; x_wconf 82' lang='lat' dir='ltr'><strong>potius</strong></span> <span class='ocrx_word' id='word_1_225' title='bbox 1305 4025 1631 4114; x_wconf 85' lang='lat' dir='ltr'><strong>consultationibus,</strong></span> <span class='ocrx_word' id='word_1_226' title='bbox 1666 4055 1813 4127; x_wconf 84' lang='lat' dir='ltr'><strong>quarum</strong></span> <span class='ocrx_word' id='word_1_227' title='bbox 1836 4037 1895 4109; x_wconf 91' lang='lat' dir='ltr'><strong>uni</strong></span> 
     </span>
     <span class='ocr_line' id='line_1_32' title="bbox 718 4123 1898 4240; baseline -0.004 -32"><span class='ocrx_word' id='word_1_228' title='bbox 718 4131 853 4208; x_wconf 75' lang='lat' dir='ltr'><strong>Interior</strong></span> <span class='ocrx_word' id='word_1_229' title='bbox 875 4127 952 4226; x_wconf 79' lang='grc' dir='ltr'><strong>(ι)</strong></span> <span class='ocrx_word' id='word_1_230' title='bbox 973 4127 1082 4222; x_wconf 84' lang='lat' dir='ltr'><strong>vulgo</strong></span> <span class='ocrx_word' id='word_1_231' title='bbox 1099 4144 1226 4198; x_wconf 87' lang='lat' dir='ltr'><strong>nomeu</strong></span> <span class='ocrx_word' id='word_1_232' title='bbox 1250 4123 1397 4197; x_wconf 88' lang='lat' dir='ltr'><strong>inditum</strong></span> <span class='ocrx_word' id='word_1_233' title='bbox 1418 4123 1486 4214; x_wconf 82' lang='lat' dir='ltr'><strong>est,</strong></span> <span class='ocrx_word' id='word_1_234' title='bbox 1520 4127 1618 4220; x_wconf 75' lang='lat' dir='ltr'><strong>cuiue</strong></span> <span class='ocrx_word' id='word_1_235' title='bbox 1639 4131 1813 4240; x_wconf 73' lang='lat' dir='ltr'><strong>exemplar</strong></span> <span class='ocrx_word' id='word_1_236' title='bbox 1830 4129 1898 4204; x_wconf 86' lang='lat' dir='ltr'><strong>La·</strong></span> 
     </span>
     <span class='ocr_line' id='line_1_33' title="bbox 726 4242 1897 4300; baseline -0.002 0"><span class='ocrx_word' id='word_1_237' title='bbox 726 4242 728 4258; x_wconf 62' lang='lat'><em>³</em></span> <span class='ocrx_word' id='word_1_238' title='bbox 1787 4243 1897 4300; x_wconf 82' lang='lat' dir='ltr'><strong>tinum</strong></span> 
     </span>
    </p>
   </div>
   <div class='ocr_carea' id='block_1_6' title="bbox 757 4329 1898 4528">
    <p class='ocr_par' dir='ltr' id='par_1_6' title="bbox 757 4329 1898 4528">
     <span class='ocr_line' id='line_1_34' title="bbox 757 4329 1898 4528; baseline -0.005 -79"><span class='ocrx_word' id='word_1_239' title='bbox 757 4379 826 4469; x_wconf 85' lang='lat'><strong>(1)</strong></span> <span class='ocrx_word' id='word_1_240' title='bbox 844 4375 993 4464; x_wconf 69' lang='lat' dir='ltr'><strong>tumn]</strong></span> <span class='ocrx_word' id='word_1_241' title='bbox 1013 4376 1071 4450; x_wconf 80' lang='lat' dir='ltr'><strong>oe</strong></span> <span class='ocrx_word' id='word_1_242' title='bbox 1089 4329 1159 4448; x_wconf 73' lang='lat' dir='ltr'><strong>noc</strong></span> <span class='ocrx_word' id='word_1_243' title='bbox 1177 4370 1308 4445; x_wconf 80' lang='lat' dir='ltr'><strong>onon</strong></span> <span class='ocrx_word' id='word_1_244' title='bbox 1324 4371 1445 4445; x_wconf 80' lang='lat' dir='ltr'><strong>uano</strong></span> <span class='ocrx_word' id='word_1_245' title='bbox 1466 4369 1571 4444; x_wconf 72' lang='lat' dir='ltr'><strong>caut</strong></span> <span class='ocrx_word' id='word_1_246' title='bbox 1589 4373 1636 4446; x_wconf 90' lang='lat' dir='ltr'><strong>v.</strong></span> <span class='ocrx_word' id='word_1_247' title='bbox 1655 4373 1810 4447; x_wconf 72' lang='lat' dir='ltr'><strong>unone</strong></span> <span class='ocrx_word' id='word_1_248' title='bbox 1826 4377 1898 4528; x_wconf 55' lang='lat' dir='ltr'><strong>ffi-</strong></span> 
     </span>
    </p>
   </div>
   <div class='ocr_carea' id='block_1_7' title="bbox 0 0 2310 5847">
    <p class='ocr_par' dir='ltr' id='par_1_7' title="bbox 0 0 2310 5847">
     <span class='ocr_line' id='line_1_35' title="bbox 0 0 2310 5847; baseline 0 0"><span class='ocrx_word' id='word_1_249' title='bbox 0 0 2310 5847; x_wconf 95' lang='lat' dir='ltr'><strong> </strong></span> 
     </span>
    </p>
   </div>
  </div>
 </body>
</html>
