4680 5828
470 1335 521 1378 mo
576 1356 584 1373 .

471 1394 525 1458 tol
547 1409 599 1470 90·

500 1686 605 1764 1532.

469 1233 595 1301 utro·
672 1237 677 1247 '

540 1311 573 1374 11

639 669 697 762 72
738 567 983 747 VIGLH
1010 661 1075 732 aa
1104 635 1371 732 AYTTA
1399 635 1780 742 ZUICHEMI

639 822 780 900 lationis
817 822 946 896 author
967 817 1062 906 fuit,
1098 817 1259 917 quod&
1288 816 1460 912 proielius
1492 817 1602 894 estin
1625 823 1771 920 epistola
1795 823 1842 900 ad

643 911 1024 1114 {ogzrlrirrrtlsiiargrmscom
1035 916 1160 994 Picum.
1175 914 1248 1012 (7)
1272 915 1371 992 Beue
1394 912 1633 996 vale.Patavii
1647 940 1681 1014 5.
1694 919 1843 1000 Calend-

830 1215 1343 1315 EPISTOLA
1398 1217 1654 1320 XXVI.

707 1443 1178 1542 HIERONYMO
1223 1443 1647 1540 BALDUNGO
1694 1449 1790 1562 (1).

652 1669 849 1790 Eleganti
876 1677 1075 1778 oratione,
1101 1667 1372 1902 phidyophica
1388 1670 1520 1783 stmui
1547 1668 1605 1766 ἔθ’
1627 1669 1851 1786 Christiana

696 1787 862 1904 fhlatur
875 1785 1167 1900 Hieronymum
1208 1807 1312 1901 uper
1327 1784 1526 1900 omifflonc
1539 1784 1627 1899 filii
1646 1785 1821 1880 Aurelii.

655 2007 868 2185 Dlfficile
885 2009 954 2098 eii,
970 1965 1157 2087 Clariliime
1174 2009 1337 2106 Boldunge
1348 2061 1360 2098 ,
1370 2031 1503 2109 aegrum
1518 2033 1616 2110 aegro
1629 2013 1774 2091 mederi.
1801 2015 1862 2092 Ut.

658 2209 668 2226 ·
769 2107 862 2217 enirn
884 2109 1070 2220 pharmaca
1084 2132 1158 2183 non
1172 2105 1257 2204 apte
1272 2107 1855 2226 adhibitalaeduutyaletudinem,

656 2199 1715 2410 iiachssrirlazsaeexffiltitiniatczreinigoutgtpnroriiignileieitluaelli&
1736 2227 1858 2380 ἓξὲξ)
1898 2387 1899 2392 η

656 2420 772 2510 guone
787 2395 874 2506 verd
893 2393 1070 2507 minime...
1096 2395 1301 2472 Audearnne
1324 2399 1432 2510 igrtur
1446 2395 1593 2508 pilliimo
1608 2326 1708 2475 ἱππί
1725 2402 1762 2474 in
1776 2406 1857 2477 cha·

657 2497 772 2571 riliruu
794 2511 987 2587 optrmrque
1011 2490 1074 2565 filu
1101 2493 1420 2568 1uetu1amentantr
1440 2494 1759 2584 medicamentum,
1784 2523 1859 2594 quo

658 2589 734 2690 ipse
754 2610 903 2663 rnoerore
920 2587 1064 2664 affeetu
1095 2588 1260 2686 indigeo,
1285 2587 1478 2662 adhibere?
1503 2586 1603 2681 Quid
1628 2612 1745 2664 autem
1762 2593 1856 2670 adse·

552 2775 555 2780 ,
660 2711 734 2766 ram
750 2686 846 2761 rudis
859 2683 1000 2780 juvenis
1020 2687 1320 2779 humanorumque
1335 2681 1474 2758 casuum
1485 2685 1601 2760 adhuc
1615 2709 1759 2782 expers,
1784 2715 1857 2788 quo

661 2787 805 2860 alteriue
819 2781 976 2857 dolorem
995 2781 1152 2856 leniam?
1180 2779 1292 2854 Certe
1311 2781 1374 2877 qui
1401 2777 1465 2874 ipfi
1482 2779 1608 2855 morbo
1628 2785 1746 2879 aliquo
1762 2789 1860 2862 labo·

662 2899 781 2958 raruut
796 2897 899 2974 atque
915 2903 958 2953 ex
974 2904 1018 2955 eo
1039 2877 1316 2966 convaluerunt,
1341 2873 1434 2949 reita
1459 2874 1587 2951 deinde
1613 2883 1753 2974 aegrotis
1776 2907 1858 2958 con·

665 2977 738 3053 filia
767 2976 919 3050 indicare
940 2971 1102 3072 poliunt,
1125 2975 1225 3047 velut
1248 2974 1286 3048 &
1304 2974 1410 3069 liqui
1434 2969 1655 3070 naufragium
1677 2974 1859 3069 fecerunt,

661 3074 872 3170 navigaturis
890 3071 980 3144 bene
998 3069 1176 3146 consulere
1194 3072 1322 3144 valent.
1343 3071 1395 3143 At
1422 3069 1509 3143 mihi
1526 3070 1560 3141 iu
1578 3073 1643 3144 hac
1659 3093 1762 3149 aetate
1778 3100 1858 3173 quae

664 3172 876 3248 calamitates
903 3170 1067 3242 humanus
1093 3188 1230 3241 tanturn
1258 3165 1450 3261 intelligere
1477 3164 1633 3259 incipit,
1668 3191 1858 3270 earumque

663 3267 936 3362 magnitudinem
952 3265 1094 3338 vixdum
1107 3263 1324 3360 perpendere
1335 3257 1467 3358 potest,
1480 3260 1633 3336 noudum
1650 3265 1836 3363 quicquam
1845 3323 1858 3359 ,

662 3365 745 3440 Deo
756 3361 919 3447 favente,
935 3362 1004 3433 tale
1021 3361 1168 3444 accidit,
1184 3358 1232 3432 ob
1248 3360 1344 3454 qood
1358 3358 1581 3454 impotentius
1592 3358 1767 3449 dolerem,
1794 3367 1857 3442 nisr

665 3462 762 3556 quod
782 3458 890 3531 modd
920 3455 1098 3528 tristiffima
1121 3457 1208 3526 mihi
1231 3455 1375 3529 dolendi
1396 3453 1496 3527 causa
1522 3459 1715 3530 communis
1739 3479 1857 3538 tecum

663 3554 799 3633 incidit.
832 3552 941 3626 Periit
956 3553 1048 3626 enim
1062 3549 1126 3624 tibi
1139 3548 1255 3638 filius,
1278 3551 1364 3625 mihi
1386 3572 1489 3626 vetus
1511 3549 1637 3626 sodalis
1652 3553 1689 3628 δι
1706 3557 1858 3649 amicus,

1754 3676 1860 3753 atque

665 3847 752 3922 dus,
773 3860 844 3912 oon
866 3838 998 3909 conliat
1019 3837 1106 3902 satis.
1152 3835 1193 3906 V.
1213 3835 1292 3904 liiii.
1311 3835 1421 3922 Belgio.
1441 3835 1573 3923 saepius
1594 3839 1639 3908 de
1656 3841 1716 3910 illo
1736 3849 1858 3913 menri.

665 3931 718 3999 nit
730 3927 875 4012 Erasmus
896 3927 931 3989 iu
951 3921 1116 4006 epistolis,
1136 3937 1321 4006 numquam
1344 3921 1413 3988 fine
1433 3923 1567 4009 elogio,
1587 3928 1742 4008 quamvis
1764 3931 1855 4000 unde

666 4015 700 4081 ei
718 4007 948 4095 displicuerit,
970 4003 1061 4070 haud
1082 4002 1185 4072 sileat.
1437 4029 1447 4049 ·

707 4095 778 4179 (7)
801 4095 856 4176 Jo.
876 4087 1062 4172 franciscum
1083 4085 1208 4171 Picum]
1231 4085 1526 4165 Minnodunum,
1547 4087 1687 4172 Joannis
1706 4091 1778 4160 Pici
1791 4095 1857 4164 Μῑ.

666 4177 819 4245 randulae
841 4169 1109 4242 &Concordiae
1132 4169 1278 4237 Comitis
1298 4189 1342 4236 ex
1362 4171 1468 4236 fratre
1489 4189 1533 4236 ne
1560 4187 1664 4242 otem.
1708 4177 1763 4244 De
1784 4198 1853 4263 quo

668 4260 747 4332 Vide
759 4259 889 4324 Paulum
933 4261 1039 4321 ovium
1058 4259 1089 4316 r'n
1104 4255 1175 4337 elog.
1196 4252 1341 4322 Bellorm.
1360 4253 1395 4319 de
1410 4251 1516 4339 Srrr'pr.
1534 4189 1641 4340 iceles.
1662 4255 1698 4326 Θ
1707 4257 1854 4330 Miraeum

664 4351 698 4412 in
716 4345 862 4410 Aotlorio
918 4337 1030 4423 eptadis
1048 4357 1093 4403 co.
1112 4353 1188 4422 491.

708 4426 772 4513 (1)
796 4423 974 4506 Hieronymo
995 4416 1175 4505 Boldungo]
1198 4417 1287 4502 Quis
1306 4418 1334 4483 is
1345 4464 1356 4496 ‚
1378 4417 1468 4486 Vide
1489 4419 1525 4485 iu
1546 4419 1649 4492 Notis
1671 4423 1716 4494 ad
1733 4425 1852 4500 Vitam

662 4509 711 4582 N.
728 4509 825 4580 XXI.
846 4505 907 4578 ubi
924 4507 999 4576 lraec
1019 4502 1160 4594 epistola
1172 4501 1388 4590 promittitur
1400 4501 1578 4590 seligenda.
