4680 5828
599 616 604 620 ·
642 597 709 717 ,s
756 553 1005 697 ‘vtomi
1033 609 1101 680 in
1129 538 1386 684 Arreti
1418 583 1789 690 ZUICHErtit

648 821 681 870 i,
704 787 770 863 lari
786 787 855 882 legi
879 807 959 882 quae
975 801 1013 858 tu
1042 803 1113 858 tam
1130 779 1246 880 perite
1276 781 1476 874 elaborasti,
1500 785 1538 862 δι
1567 784 1650 862 edm
1675 790 1712 864 iri
1737 793 1848 868 omni·

658 929 683 968 ,2
708 886 774 960 bus'
795 883 860 956 tibi
875 880 1059 982 accedam,
1084 885 1146 977 qui
1174 884 1212 955 in
1235 899 1418 978 utrimque
1441 903 1576 978 partein
1598 883 1729 963 arbiter
1750 885 1851 965 sicuti

1711 1025 1735 1062 tr
1759 987 1852 1082 peri·

661 1106 885 1258 tonedrariat.
924 1105 1023 1202 Nam·
1039 1123 1103 1191 ego
1119 1105 1155 1174 id
1174 1107 1223 1202 ita
1246 1123 1370 1173 verum
1396 1104 1461 1203 esse
1481 1105 1729 1207 credo,‹1uod¹
1751 1113 1851 1198 Joson

662 1196 729 1269 ait,
786 1194 920 1258 utilitas
949 1208 991 1257 ea
1015 1207 1050 1254 in
1070 1191 1230 1257 solventis
1252 1190 1523 1256 consideratione
1549 1187 1612 1257 else
1633 1208 1758 1276 potuit.
1798 1199 1849 1267 At

657 1244 721 1343 Zlile
742 1293 816 1340 non
843 1274 976 1360 potuit,
999 1291 1077 1340 nain
1100 1273 1241 1339 sisolvit
1262 1291 1343 1338 cum
1371 1273 1548 1357 repetendi
1571 1275 1784 1353 intentione,
1804 1300 1848 1350 eo

662 1357 737 1443 ipso
754 1376 824 1424 non
852 1371 1057 1441 repeteret,
1084 1357 1164 1423 cum
1184 1355 1273 1440 quali
1303 1356 1493 1426 indebitum
1522 1355 1662 1426 sciverit
1685 1361 1718 1429 se
1739 1365 1851 1432 solve-

664 1461 714 1510 re.
736 1443 799 1526 (p)
823 1440 1040 1534 Quamquam
1067 1437 1144 1508 sane
1170 1439 1207 1508 δι
1226 1438 1326 1589 ἵιὲοπ
1353 1440 1398 1506 lic
1419 1439 1510 1505 suam
1534 1442 1732 1524 opinionem
1756 1449 1792 1512 in
1812 1448 1852 1516 li·

665 1531 745 1612 ne(
784 1527 797 1608 )
822 1525 1008 1606 restringit,
1025 1538 1070 1588 ut
1094 1525 1129 1588 in
1145 1524 1236 1590 idem
1266 1608 1270 1617 Ι
1294 1541 1340 1617 τε,
1354 1522 1556 1619 incidamus.
1600 1525 1698 1606 Ratio
1715 1549 1852 1615 quoque

664 1607 738 1693 ipsa
755 1545 881 1684 gocet,
902 1626 1006 1689 quare
1021 1605 1180 1673 uideatur
1193 1604 1359 1673 debitoris
1377 1609 1515 1672 nomine
1528 1624 1565 1672 in
1584 1607 1690 1678 dubio
1706 1612 1853 1684 solutum

664 1709 753 1759 vero
774 1691 938 1756 creditori
960 1687 1075 1764 fuisse,
1097 1687 1190 1772 quod
1219 1690 1299 1756 clini
1318 1687 1421 1756 seiam
1446 1689 1657 1760 creditorem
1685 1697 1749 1764 else
1773 1719 1853 1768 euru

658 1778 723 1842 cui
737 1774 853 1849 solvo,
874 1772 1007 1840 necesse
1025 1790 1136 1856 prope
1152 1771 1210 1849 fit,
1228 1773 1478 1858 cogitationem
1490 1787 1708 1859 mentemque
1723 1799 1779 1848 me
1793 1785 1856 1852 ha»-

663 1861 749 1928 bere
760 1859 803 1924 ad
816 1857 851 1922 id
864 1855 958 1940 quod
973 1855 1128 1921 debitum
1146 1855 1204 1922 est.
1224 1856 1285 1940 (r)
1302 1855 1422 1922 Debiti
1431 1856 1535 1940 igitur
1545 1856 1614 1925 sive
1625 1859 1789 1932 debitoris
1802 1887 1857 1936 re-

623 1991 627 2006 .
662 1941 780 2027 ,speetu
796 1938 890 2007 solvo
904 1939 1087 2016 creditori,
1099 1955 1169 2004 non
1180 1937 1217 2004 id
1231 1937 1448 2007 considerans
1468 1957 1511 2005 in
1535 1958 1601 2026 ego
1617 1943 1776 2026 debeam,
1797 1951 1856 2018 sed

658 2045 709 2092 aii
726 2027 902 2092 debeatur.
924 2023 956 2090 ls
967 2025 1081 2105 itaque
1091 2023 1150 2106 qui
1169 2040 1234 2106 pro
1248 2022 1388 2117 herede
1399 2023 1635 2092 haereditatem
1649 2029 1811 2125 possidet,
1823 2035 1859 2104 se

666 2108 840 2176 heredem
856 2105 923 2174 eise
944 2106 1123 2191 putans,si
1143 2106 1226 2190 quid
1237 2105 1390 2174 defuncti
1401 2105 1630 2177 creditoribus
1643 2113 1763 2195 solvit,
1784 2135 1857 2186 nou

666 2188 1858 2280 censeturfattusiocuplettor,neccondieiionemhabet‚quumaue-

667 2295 715 2343 no
733 2276 872 2342 nomine
882 2273 1032 2340 solverit.
1054 2271 1203 2339 Difficile
1218 2287 1335 2340 autem
1347 2273 1441 2342 estin
1457 2272 1595 2344 baerede
1611 2283 1787 2364 putativo,
1807 2299 1860 2354 at·

668 2379 736 2444 que
755 2379 797 2427 eo
814 2358 873 2441 qui
891 2357 992 2422 bonae
1015 2355 1096 2422 fidei
1118 2355 1277 2443 possessor
1295 2355 1343 2423 est
1353 2403 1366 2436 ,
1393 2356 1601 2444 distinguere
1631 2361 1859 2447 solutionem,

664 2463 747 2526 tquae
764 2444 824 2509 suo
838 2441 997 2534 nomine,
1016 2440 1060 2505 ab
1080 2457 1140 2517 eti,
1159 2457 1238 2588 2¹¹ae
1262 2439 1392 2515 alieno,
1412 2439 1449 2506 id
1469 2445 1518 2508 est
1537 2442 1689 2512 demitti
1710 2451 1767 2515 vel
1787 2452 1860 2518 hae-

667 2528 761 2594 redis
781 2525 882 2599 veri,
908 2521 1137 2607 debitorisque
1184 2537 1209 2588 t.
1249 2521 1319 2590 Sed
1340 2537 1454 2590 tamen
1475 2525 1554 2590 crim
1573 2527 1682 2594 haeres
1704 2529 1859 2602 defuncti

671 2613 746 2679 sere
766 2607 906 2675 nomine
930 2625 950 2674 a
970 2606 1201 2674 creditoribus
1225 2623 1244 2672 a
1270 2605 1419 2689 pelletur
1442 2606 1497 2689 (s)
1520 2610 1772 2684 censebitur&
1798 2619 1860 2686 de·

670 2693 780 2764 tunm
797 2691 934 2758 nomine
955 2689 1114 2767 solvere,
1134 2623 1401 2784 defungumque
1425 2689 1493 2756 live
1513 2691 1584 2776 ipse
1611 2694 1667 2773 sit,
1692 2696 1760 2766 sive
1782 2703 1860 2785 quis

673 2780 777 2854 itlius,
799 2777 948 2858 repetita
967 2775 1009 2840 ab
1026 2771 1286 2841 cohaereditate
1303 2770 1467 2850 liberare,
1490 2773 1527 2842 dr
1553 2791 1627 2844 tum
1647 2781 1751 2849 cessat
1775 2803 1861 2852 coo-

668 2863 785 2931 dillio.
827 2859 976 2944 Quoties
989 2874 1102 2925 autem
1120 2857 1172 2934 is,
1194 2856 1253 2939 qui
1274 2853 1446 2954 heredem
1465 2857 1498 2924 se
1515 2877 1631 2942 putat,
1654 2865 1747 2933 ultro
1772 2867 1862 2938 solii-

673 2959 747 3014 ttrm
766 2947 795 3010 it
815 2941 1003 3018 creditori,
1025 2942 1132 3026 magis
1151 2939 1212 3004 suo
1233 2955 1372 3006 nomine
1389 2940 1426 3006 id
1441 2939 1559 3012 iacere
1581 2946 1737 3026 videtur,
1758 2953 1860 3036 quim

670 3033 720 3097 ob
737 3027 888 3096 defundi
900 3023 1139 3092 successionem
1155 3023 1414 3106 interpellatus,
1432 3043 1534 3108 atque
1558 3030 1658 3096 aliter
1676 3034 1736 3098 vix
1755 3037 1860 3104 video

673 3111 768 3199 polle
795 3109 1044 3178 differentiam.
1068 3125 1146 3191 quae
1160 3125 1205 3173 ex
1226 3105 1382 3190 Pomponii
1404 3108 1563 3191 responso
1589 3113 1781 3199 colligitur,
1800 3121 1862 3188 de·

675 3195 808 3264 clareti.
828 3191 937 3277 Quod
957 3195 994 3259 dt
1018 3190 1175 3274 Attitrfius
1195 3191 1336 3257 voluisse
1358 3192 1517 3267 videtur,
1538 3195 1595 3279 (t)
1616 3198 1675 3263 uisi
1690 3202 1783 3282 quod
1800 3205 1859 3272 ille

677 3295 809 3348 motam
826 3275 1095 3344 controversam
1118 3273 1211 3341 fuisse
1235 3273 1365 3340 haeredi
1389 3277 1547 3359 requirit,
1570 3293 1608 3345 ut
1627 3280 1778 3352 defuncti
1799 3307 1863 3355 no-

678 3366 773 3430 mine
789 3358 1014 3426 solimofaeta
1027 3359 1208 3434 videatur,
1229 3375 1294 3442 ego
1315 3359 1400 3425 verd
1417 3359 1519 3425 solam
1548 3363 1860 3448 interpellationem

678 3449 734 3514 vel
754 3444 1038 3531 protestationem
1054 3441 1206 3508 sufficere
1221 3443 1339 3509 credo.
1382 3443 1472 3508 Cum
1490 3461 1604 3512 eutem
1618 3451 1772 3520 homines
1788 3452 1863 3524 sere

670 3529 858 3616 ,expediere
886 3526 1066 3595 creditoris
1091 3525 1404 3608 interpellationem
1426 3526 1572 3603 soleant,
1592 3550 1657 3599 nec
1676 3534 1796 3618 sponte
1820 3541 1864 3608 ad

675 3617 880 3683 solutionem
912 3609 1094 3683 festinare,
1118 3611 1186 3702 (π’
1213 3609 1352 3704 indubie
1380 3611 1464 3704 milii
1497 3615 1667 3694 vedetur,
1698 3621 1865 3706 interpel-

675 3701 841 3766 lationem
865 3693 956 3777 poll'e
975 3691 1138 3840 praesumi
1182 3689 1321 3758 ebitoris
1343 3690 1476 3762 scilicet
1495 3695 1663 3776 defuncti,
1684 3699 1863 3774 haeredita·

672 3785 794 3866 rioque
814 3780 952 3844 nomine
990 3775 1116 3851 asiam,
1137 3791 1207 3856 quo
1230 3775 1309 3841 casu
1330 3777 1456 3844 nullam
1471 3779 1536 3848 else
1556 3787 1798 3868 repetitionem
1823 3791 1863 3856 li·

675 3869 782 3952 quido
803 3863 1030 3930 ostendemus.
1071 3859 1178 3952 Quod
1202 3858 1224 3922 si
1246 3857 1414 3954 verdusuo
1440 3867 1578 3933 nomine
1599 3867 1727 3936 solvisse
1753 3871 1863 3942 hacre-

672 3953 755 4018 dem
794 3959 998 4030 appareret,
1040 3959 1164 4006 merito
1202 3943 1454 4010 condictionem
1492 3950 1766 4024 concesserimus.
1816 3958 1861 4026 Et

673 4037 720 4102 iic
747 4029 828 4098 alibi
857 4029 950 4094 idem
982 4024 1433 4121 Pomportr'irsfltradiditlw)
1461 4029 1498 4096 id
1526 4030 1601 4098 satis
1621 4054 1667 4102 eir
1689 4055 1733 4102 eo
1764 4039 1861 4126 signi·

673 4117 797 4190 sicaris,
826 4111 920 4194 quod
948 4125 1070 4174 verum
1103 4108 1296 4176 debitorem
1324 4111 1505 4178 liberatum
1531 4115 1596 4181 esse
1623 4136 1665 4186 ne
1689 4134 1746 4198 at,
1777 4125 1858 4191 ctlm

673 4200 697 4268 si
725 4197 887 4266 debitoris
921 4193 1060 4258 nomine
1092 4189 1215 4257 solutio
1235 4193 1324 4258 fasta
1352 4191 1485 4272 fuisset,
1514 4201 1640 4281 procul
1666 4137 1772 4270 dubio
1808 4209 1861 4272 di·

672 4281 808 4348 versum
834 4278 940 4344 suerit
962 4275 1246 4359 respondendum.
1287 4275 1505 4345 Praesumitur
1522 4281 1638 4363 itaque
1662 4283 1861 4370 interpella·

671 4381 729 4434 eus
748 4367 821 4449 quis
844 4360 993 4433 solvere,
1015 4360 1051 4428 dr
1071 4358 1306 4441 interpellatus
1322 4361 1397 4424 veri
1419 4360 1585 4430 debitoris
1605 4365 1765 4450 nomine,
1785 4390 1856 4455 quo
1974 4431 1982 4450 ,

671 4449 755 4520 casu
774 4447 854 4519 cum
882 4445 1017 4518 debitor
1044 4442 1233 4521 liberetur,
1260 4443 1415 4526 iniquum
1435 4447 1500 4515 esse
1517 4447 1773 4522 condictionem
1798 4459 1859 4530 tri,-

1732 4535 1859 4618 buere.
