4612 5850
869 213 887 254 Q

478 641 674 742 eursu.
715 639 1631 780 snmcrnin.umunsos.1399

422 845 464 900 ur
483 826 572 904 nihil
593 819 757 923 supersit,
781 822 886 921 quam
906 843 945 900 ut
963 821 1067 922 super
1085 847 1177 900 taxae
1196 827 1439 913 moderatione
1460 825 1546 908 illm?
1566 827 1622 910 'Dt

421 918 468 996 .V.
493 921 591 999 suum
617 923 691 1015 (uti
714 923 860 1018 rogavi)
885 921 1067 999 arbitrium
1096 924 1311 1019 interponat.
1337 922 1520 999 Successor
1541 911 1622 1007 mm
1751 931 1754 938 ’

420 1019 534 1094 Ducis
549 1017 689 1114 quando
706 1021 920 1094 adventurus
941 1015 1000 1106 sit,
1024 1017 1141 1094 adhuc
1168 1021 1341 1094 incertum
1367 1014 1426 1092 est.
1475 1020 1527 1094 Et
1548 1041 1618 1130 ego

418 1115 496 1192 sane
519 1113 770 1198 desiderarem,
795 1132 841 1188 ut·
853 1116 1021 1188 nonnulla
1037 1139 1119 1212 quae
1140 1137 1208 1211 pro
1230 1113 1467 1189 confirmanda
1492 1113 1617 1213 Regrae

416 1212 608 1308 Maiestatis
624 1207 829 1287 austoritate
847 1210 993 1286 hicnon
1012 1214 1103 1286 male
1117 1211 1281 1284 inchoata
1299 1212 1529 1302 videbantur,
1554 1211 1614 1288 a'n·

416 1332 451 1384 te
469 1308 601 1383 abitum
619 1307 719 1386 suum
737 1311 781 1382 ad
803 1306 940 1382 felicem
962 1306 1068 1382 finem
1089 1303 1422 1404 perduxissetsquae
1445 1305 1618 1386 successo·

415 1427 489 1490 rem
503 1430 626 1480 vereor
642 1403 828 1480 difficulter
843 1401 1083 1502 perfecturum
1099 1401 1178 1480 esse.
1226 1399 1396 1478 Reddidit
1413 1425 1532 1480 autem
1549 1428 1612 1482 no·

415 1525 495 1576 men
523 1502 599 1598 ejus
626 1501 722 1597 apud
748 1503 885 1578 vicinos
909 1525 950 1576 ac
975 1497 1163 1596 plerosque
1186 1500 1363 1574 intraneos
1388 1521 1459 1574 non
1485 1523 1614 1598 parum

412 1596 597 1690 odiosum,
621 1619 676 1674 tot
692 1601 763 1696 jam
787 1600 886 1674 annis
905 1603 1125 1682 continuata,
1149 1595 1311 1672 adversus
1334 1595 1395 1670 eos
1415 1598 1476 1693 qui
1490 1601 1634 1698 proxi-⁴

412 1695 472 1770 mo
491 1695 703 1769 tumultuum
730 1713 910 1792 tempore,
934 1695 994 1772 vel
1006 1693 1059 1768 sui
1075 1689 1180 1768 officii
1202 1692 1302 1768 obliti
1318 1687 1422 1776 sum,
1443 1695 1500 1766 vel
1519 1695 1612 1770 illud-

412 1813 535 1886 parum
557 1790 676 1866 sedulo
691 1786 947 1888 praestiterunt,
970 1790 1175 1886 persecutio.
1226 1789 1275 1862 Et
1289 1811 1500 1886 quamquam
1524 1812 1615 1864 oon.-

408 1888 615 1963 tributiones
637 1886 703 1963 sint
728 1909 875 1982 graves,
897 1885 1199 1983 languescentibus
1225 1889 1356 1980 ubique
1374 1888 1615 1973 commertiis„
1700 1927 1702 1932 v
1769 1919 1770 1930 ¹

407 2003 560 2060 attamen
579 1985 692 2060 multo
709 1987 889 2079 graviores
910 1986 1061 2080 eristum
1078 1983 1308 2082 querimoniae
1324 1985 1367 2054 de
1390 1982 1539 2056 milimm
1555 1986 1607 2058 ni·
1667 2062 1669 2072 ,

407 2082 515 2154 mium
531 2079 713 2156 licentiosa
736 2079 990 2174 indiscretaque
1007 2082 1152 2156 vivendi
1169 2077 1406 2168 dissolutione,
1431 2101 1502 2174 qua
1522 2081 1612 2155 illos

406 2175 618 2252 moderatius
649 2177 701 2252 uti
731 2177 893 2272 plerique
922 2176 1102 2273 optassent.
1163 2177 1278 2272 Vurgae
1298 2193 1412 2250 autern
1437 2177 1610 2252 iracunda

403 2274 628 2442 violentaque
643 2269 786 2348 consilia
802 2271 846 2346 ab
865 2271 941 2369 ipso
957 2273 1057 2349 initio
1072 2275 1227 2370 judicavi
1245 2295 1413 2347 terrorem
1427 2273 1605 2350 timorem-

404 2390 475 2466 que
491 2371 555 2467 qui
580 2393 634 2443 em
650 2368 788 2467 populo
806 2368 997 2454 incuslura,
1021 2368 1079 2444 sed
1103 2369 1147 2460 ad
1167 2392 1220 2442 res
1239 2367 1527 2449 constabiliendae
1542 2391 1605 2466 pa·

401 2485 480 2548 rum
497 2463 724 2562 professura:
758 2489 799 2554 ac
830 2461 904 2540 stne
929 2466 989 2540 his
1003 2492 1024 2542 e
1049 2463 1209 2564 profesio
1234 2467 1333 2540 nevis
1357 2461 1463 2562 ipsius
1485 2465 1619 2542 Duciu'

347 2619 353 2632 .
401 2562 650 2640 administratio
675 2565 788 2638 multo
809 2565 942 2658 gratior
967 2491 1093 2640 suisset.
1144 2561 1214 2636 list.
1230 2563 1322 2636 enim
1352 2563 1518 2659 princeps
1538 2565 1601 2658 qui

396 2659 585 2752 prudentia
607 2683 794 2755 rerumque
818 2661 1097 2756 experientique
1117 2657 1281 2734 secundia
1305 2656 1367 2731 vix
1391 2679 1511 2752 parem
1538 2659 1605 2732 lia·

397 2755 490 2830 beat.
546 2752 605 2832 De
636 2751 841 2832 successoris·
865 2775 981 2831 autem
1013 2752 1275 2846 mansuemdine
1311 2775 1360 2829 ac
1383 2753 1600 2830 humanitate

396 2853 515 2926 omnia
539 2850 636 2927 bona
668 2852 770 2924 nobis
794 2855 1034 2946 promitmnt,
1073 2853 1210 2947 qualem
1240 2851 1276 2925 δι
1305 2871 1372 2946 ego
1398 2871 1478 2923 eum
1503 2853 1601 2944 apud

395 2945 649 3042 Gravelingam
668 2947 846 3042 cognovi:
875 2940 935 3019 sed
956 2967 1098 3041 magnas
1124 2949 1158 3020 ei
1181 2941 1403 3018 difficultates
1421 2947 1601 3042 -praebebir
1673 3003 1679 3018 .
1767 3011 1773 3018 .

397 3043 509 3115 aerarii
523 3040 710 3138 ‚angustia
741 3040 1083 3138 provincialiumque
1100 3045 1320 3137 ‘paupertari
1351 3063 1397 3118 ac
1424 3043 1598 3136 proximae

393 3137 630 3213 inundationis
650 3138 837 3213 calamitas.
864 3135 907 3210 ln
922 3157 1021 3212 tanto
1037 3159 1154 3216 autem
1171 3139 1368 3212 vicinorum
1387 3137 1489 3223 odio,
1509 3161 1593 3233 per-

392 3230 575 3330 pemisqne
599 3236 739 3310 exulum
764 3256 805 3310 ac
827 3233 1010 3310 rebellium
1037 3235 1233 3311 nostrorum
1254 3233 1384 3308 insrdiis
1395 3283 1408 3320 ,
1433 3251 1597 3332 terraque
1696 3303 1700 3311 .

390 3334 532 3406 ac'mari
547 3329 887 3428 deptaedationibus,
902 3334 1050 3407 multum
1068 3325 1196 3407 vereor
1207 3351 1246 3406 ut
1260 3328 1332 3406 sine
1348 3328 1477 3425 Theseo
1494 3330 1607 3428 spara..

388 3443 458 3516 ram
477 3427 568 3503 hanc
593 3431 684 3505 tueri
700 3446 868 3527 nequeat:
886 3425 1197 3525 ‘Illustrilltmaeque
1215 3427 1262 3502 D.
1280 3425 1326 3501 V.
1340 3429 1489 3502 reditum
1516 3427 1594 3523 (de

387 3545 461 3622 quo
479 3527 609 3601 multus
624 3523 684 3600 hic
702 3525 752 3600 est
770 3522 883 3601 sermo
895 3522 912 3623 )
925 3527 1098 3620 ‚omnibus
1116 3525 1210 3614 uotis
1226 3527 1380 3622 populus
1401 3521 1589 3602 nollerex·
1666 3531 1670 3540 '

386 3611 510 3716 poscit.
557 3619 618 3694 De
642 3619 772 3694 Foncltio
795 3620 832 3694 in
862 3619 1031 3696 secretum
1054 3619 1247 3698 Consilium
1272 3622 1477 3718 cooptando
1503 3621 1595 3700 Rern

385 3716 526 3790 tandem
544 3713 715 3815 rescripsit
726 3716 950 3886 ,opluresque
970 3717 1132 3813 conquiri
1149 3717 1262 3815 jusit,
1287 3721 1349 3814 qui
1369 3718 1403 3791 ei
1419 3716 1588 3814 Collegio

384 3813 649 3908 adjunganmr,
682 3835 731 3912 qu
800 3813 874 3912 jam
903 3835 995 3910 pene
1027 3817 1072 3890 ad
1098 3815 1236 3892 triarios
1258 3817 1419 3890 redierat.
1471 3813 1589 3910 Quod

384 3907 573 4006 nepotibus
597 3909 682 3984 meis
698 3909 838 3986 solistim
854 3909 1010 3986 savorem
1025 3911 1344 4006 humanitatemque
1358 3910 1442 3991 11111,Ι
1466 3909 1516 3986 D.
1535 3909 1593 3992 V..

379 4011 453 4080 t'am
467 4005 622 4104 benigne
638 4003 784 4098 offerat,
807 4005 986 4084 immensas
1010 4007 1126 4084 liabeo
1150 4009 1290 4103 gratias.
1336 4007 1356 4080 I
1382 4003 1438 4082 sos
1460 4027 1582 4084 autem

379 4100 493 4180 salvos
512 4103 681 4180 Ticinum
702 4101 875 4182 advenisse
891 4105 1067 4194 intellexi,
1091 4107 1322 4203 proximaque
1346 4030 1581 4202 &uadmgesn
1725 4183 1730 4190 ,

377 4219 434 4274 mr
455 4201 500 4276 ad
523 4200 681 4278 eamdem
702 4200 914 4278 salutandam
931 4201 1080 4276 Romam
1098 4204 1194 4277 adire
1208 4199 1472 4276 constituerunt.
1495 4203 1585 4278 Bsa·

296 4291 300 4300 '
371 4295 473 4386 scrius
498 4303 570 4396 (3)
592 4301 664 4398 jam
688 4299 827 4398 pridem
853 4301 890 4374 in
908 4296 1148 4398 Burgundiam
1172 4297 1288 4385 abiit,
1312 4292 1372 4370 sed
1399 4298 1583 4414 quodnsm

599 4427 603 4434 ·
1478 4417 1582 4492 prm·

316 4457 324 4464 ι

420 4499 488 4606 (a)
509 4500 627 4606 Messio
647 4505 732 4608 Jeon
750 4503 786 4572 dr
804 4503 959 4591 Bursam,
980 4504 1173 4582 armasset,
1192 4501 1333 4570 tidruuttr
1354 4497 1419 4605 Con
1433 4501 1515 4594 risset
1535 4501 1581 4566 dn

320 4617 331 4634 ·
376 4579 494 4676 Consors
512 4585 693 4660 Pronurus
703 4610 749 4663 mr
764 4589 896 4667 rurae
909 4637 922 4676 ,
935 4588 1145 4696 fuscemur
1166 4584 1281 4658 Graan
1299 4585 1401 4674 Consu
1421 4589 1436 4674 )
1456 4607 1478 4655 o
1496 4585 1589 4754 1νὲζὲ
